3534 5984
336 715 372 777 10
688 715 882 778 LETTERS
904 716 959 778 OF
980 714 1181 778 ERASMUS
1443 717 1543 794 [1525

271 929 316 980 105
734 925 918 971 ramcvnvs
940 925 1124 972 snovrsovs.

356 1065 359 1071 .
373 1012 421 1073 De
434 1033 490 1074 esu
504 1016 649 1076 carnium
662 1015 748 1076 idom
761 1017 875 1077 sentio.
910 1016 944 1078 Si
957 1022 1087 1096 rogetur
1099 1015 1252 1078 Pontifex
1265 1015 1395 1096 publico
1409 1020 1538 1078 vestrae

331 1095 467 1173 regionis
478 1098 781 1171 nomine,nihilerit
792 1098 1002 1160 difficultatis.
1036 1098 1171 1160 Interim
1182 1098 1320 1178 potestis
1330 1097 1436 1159 iacere
1447 1097 1537 1177 qnod

331 1174 369 1236 fit
383 1195 440 1255 per
453 1183 560 1240 totam
574 1177 715 1242 ltaliam.
752 1178 946 1242 Venduntnr
958 1199 1070 1242 carnes
1083 1179 1212 1259 publice
1225 1180 1326 1241 etiam
1343 1180 1379 1241 in
1395 1178 1536 1256 quadra

350 1259 460 1333 esima,
479 1279 545 1321 non
563 1261 757 1323 reclamante
776 1260 942 1335 Pontifice,
962 1281 1001 1322 ao
1018 1280 1076 1341 per
1092 1261 1154 1323 hoc
1172 1262 1272 1323 tacite
1290 1260 1535 1340 comprobante.

269 1362 317 1399 110
361 1358 404 1400 on
415 1342 500 1402 enim
511 1349 563 1405 est
573 1363 663 1405 mens
674 1342 840 1405 Pontificis
851 1349 891 1404 vt
901 1343 943 1405 ob
954 1345 1091 1424 piscium
1101 1362 1193 1406 esum
1203 1343 1377 1423 quisquam
1388 1348 1537 1422 aegrotet

329 1428 388 1482 aut
408 1425 574 1486 moriatur.
616 1425 678 1487 Hic
700 1444 963 1505 vnumquemque
982 1426 1194 1505 relinquerem
1210 1443 1288 1486 suae
1306 1425 1534 1498 conscientiae,

328 1522 386 1564 nec
400 1524 587 1585 quenquam
606 1526 779 1569 vexarem:
811 1509 873 1568 nisi
886 1509 943 1587 qui
957 1507 1107 1569 seditiose
1120 1509 1268 1580 iactaret,
1281 1513 1317 1569 et
1329 1506 1410 1568 alios
1424 1506 1534 1567 borta-

328 1592 417 1647 retur
430 1586 473 1648 ad
486 1595 710 1669 contemptum
725 1589 872 1669 publicae
886 1588 1137 1651 consuetudinis.
1179 1588 1314 1663 Quodsi
1327 1589 1400 1668 quis
1414 1587 1535 1651 diffidit

327 1686 404 1730 suae
418 1672 642 1745 conscientiae,
658 1672 786 1732 veniam
801 1677 893 1750 petat
907 1690 927 1731 a
940 1670 1081 1750 parocho
1095 1678 1153 1733 aut
1166 1673 1316 1751 episeopo
1330 1689 1400 1732 suo.

267 1851 311 1902 115
752 1841 935 1888 samcvtvs
956 1841 1107 1887 rumve.

368 1931 438 2011 Ego
462 1933 551 1994 nullo
575 1934 686 1997 fauore
710 1942 819 1997 vestro
843 1936 958 2016 dignos
982 1936 1122 1997 arbitror
1145 1936 1202 2015 qui
1226 1941 1348 1996 temere
1370 1933 1532 1995 cucullam

327 2014 507 2088 excutiunt,
528 2022 587 2077 aut
605 2018 661 2096 qui
680 2017 862 2079 sacerdotes
881 2037 1014 2079 vxorem
1033 2017 1168 2079 ducunt.
1208 2016 1379 2079 Caeterum
1398 2016 1455 2094 qui
1474 2034 1533 2095 per

327 2094 520 2157 imbecillam
553 2104 695 2160 aetatem
729 2105 902 2177 parentum
934 2101 1130 2161 auctoritate
1162 2104 1222 2160 aut
1253 2098 1326 2159 aliis
1358 2096 1465 2159 modis
1496 2099 1531 2158 in

327 2176 556 2240 monachatum
578 2187 637 2242 aut
657 2181 873 2243 sacerdotium
894 2181 1018 2243 detrusi
1038 2187 1126 2255 sunt,
1148 2181 1199 2241 bis
1219 2198 1369 2259 cuperem
1391 2180 1530 2241 auctori·

266 2278 314 2317 rao
326 2264 397 2319 tate
415 2261 573 2322 maiorum
590 2261 765 2325 subueniri.
804 2263 901 2325 Multi
918 2270 995 2325 sunt
1012 2282 1094 2343 quos
1111 2261 1244 2342 expedit
1260 2262 1531 2323 monasteriorum

326 2341 474 2403 cancellis
490 2343 641 2417 cohiberi,
658 2363 699 2405 ne
714 2345 863 2424 grauiora
878 2352 1022 2425 peccent.
1060 2345 1156 2406 Multi
1171 2350 1249 2405 sunt
1264 2342 1394 2416 infirmi,
1411 2343 1530 2422 quibus

326 2422 416 2483 vtilis
433 2430 484 2485 est
500 2424 680 2506 disciplina,
700 2427 877 2505 periculosa
895 2427 1037 2489 libertas.
1078 2426 1176 2489 Nullo
1194 2445 1271 2488 vero
1290 2424 1388 2487 modo
1406 2423 1530 2486 ferendi

325 2511 403 2566 sunt
416 2507 473 2585 qui
487 2526 553 2570 non
567 2509 672 2570 solum
684 2509 747 2587 ipsi
760 2508 876 2571 leuiter
890 2515 1021 2571 mutant
1035 2510 1124 2570 vitae
1137 2527 1248 2589 genus,
1263 2506 1320 2568 sed
1333 2506 1415 2568 alios
1428 2507 1529 2568 etiam

325 2592 364 2647 vt
376 2586 461 2649 idem
469 2589 593 2652 faciant
601 2590 775 2653 hortantur
788 2612 796 2653 :
820 2593 915 2672 quasi
923 2591 1014 2652 nefas
1024 2597 1110 2652 esset
1120 2589 1314 2652 monachum
1322 2590 1356 2650 in
1367 2607 1427 2649 sno
1436 2589 1528 2649 insti·

263 2687 308 2739 125
324 2673 399 2730 tuto
412 2689 623 2750 perseuerare,
638 2680 698 2736 aut
710 2675 804 2753 quasi
816 2693 874 2754 per
886 2693 921 2736 se
934 2675 978 2736 sit
990 2674 1108 2753 impius
1121 2672 1326 2734 sacerdotum
1339 2669 1528 2733 coelibatus.

324 2748 398 2812 Non
415 2760 466 2815 est
483 2755 654 2816 verisimile
672 2762 711 2817 vt
728 2758 785 2835 qni
802 2757 837 2816 in
855 2756 1050 2817 monasterio
1068 2756 1152 2816 vixit
1169 2753 1366 2826 turbulente,
1385 2753 1430 2813 sit
1447 2751 1529 2813 bene

324 2833 469 2895 victurus
481 2836 537 2897 vbi
550 2836 694 2898 libertati
706 2835 852 2898 redditus
864 2837 973 2899 luerit.
1007 2837 1075 2899 Nec
1087 2835 1253 2917 probabile
1265 2841 1316 2896 est
1327 2832 1528 2896 sacerdotem

322 2914 357 2973 in
372 2917 578 2977 matrimonio
591 2917 659 2978 iore
673 2924 863 2979 contentum
878 2920 974 2980 vnica
988 2939 1097 2992 vxore,
1112 2920 1169 2998 qui
1182 2920 1217 2978 in
1231 2916 1393 2979 coelibatu
1407 2916 1528 2977 multas

323 2993 439 3057 habuit
453 2999 648 3060 concubinas
660 3020 667 3071 ;
694 2999 751 3060 sed
764 3000 975 3062 metuendum
990 3021 1031 3062 ne
1045 3002 1172 3081 impuro
1187 2998 1360 3061 coelibatui
1374 2996 1528 3059 succedat

261 3095 310 3144 ¹30
322 3076 479 3156 impurius
492 3081 744 3143 matrimonium.
779 3081 858 3155 Quis
870 3090 980 3145 autem
993 3083 1075 3145 ieret
1087 3081 1261 3145 monachos
1273 3086 1333 3143 aut
1344 3078 1527 3142 sacerdotes

322 3159 379 3236 qui
390 3160 548 3222 malalide
558 3168 766 3242 susceperrmt
776 3165 930 3226 honorem
940 3164 1061 3226 ordinis
1070 3164 1285 3237 ecclesiastici,
1296 3169 1331 3224 et
1339 3166 1527 3241 susceptum

322 3241 470 3383 ffiriter
493 3243 634 3386 {Zpendo
658 3244 1119 3391 dehoqiesgruntt—lasciuiam
1139 3246 1268 3389 intetrim
1288 3262 1382 3306 suam
1403 3243 1527 3386 alerittg

399 3342 483 3385 esrae
542 3344 627 3400 arus,
662 3346 740 3388 uum
775 3349 793 3389 e
834 3349 891 3390 ren
982 3348 1088 3391 escere
1213 3347 1269 3389 nm
1280 3345 1427 3400 suum—,
1440 3345 1463 3387 r

320 3404 466 3467 incusare
483 3346 731 3472 constitutiones
747 3349 982 3489 ροιιίῡίίίοιιιιιῶἕῖ11
997 3411 1043 3472 Et
1060 3347 1237 3472 armabis
1253 3427 1383 3490 quoque
1400 3405 1525 3470 consul·

260 3503 305 3554 ¹35
321 3491 394 3546 tum
411 3506 480 3549 esse
499 3508 648 3568 cuperem
663 3511 670 3552 :
702 3492 812 3553 malim
826 3494 913 3554 enim
927 3493 1096 3573 alligatum
1110 3493 1204 3553 vxori
1216 3509 1317 3572 quam
1331 3490 1523 3552 concubina

320 3567 414 3628 rium.
458 3569 577 3631 Verum
598 3571 659 3634 hoc
679 3573 736 3634 vix
757 3572 826 3635 lieri
846 3579 958 3654 potest
978 3575 1041 3635 nisi
1061 3573 1243 3635 intercedat
1261 3571 1445 3654 principum
1465 3573 1525 3631 aut

320 3650 446 3712 concilii
464 3655 650 3717 auctoritas.
690 3654 724 3718 Si
742 3675 801 3717 ros
819 3658 1022 3737 susceperitis
1040 3675 1094 3719 eos
1112 3655 1260 3730 tuendos,
1280 3653 1444 3717 confluent
1461 3653 1525 3714 buc

320 3732 463 3812 vndique
485 3735 572 3797 lenes
596 3736 752 3812 homines,
773 3738 908 3818 quidam
928 3740 1028 3801 etiam
1049 3739 1206 3812 scelerosi,
1228 3756 1343 3818 parum
1364 3735 1460 3797 vtilcs
1480 3733 1524 3795 ad

319 3815 475 3878 tuendam
499 3817 595 3880 buius
615 3819 767 3881 Ciuitatis
787 3821 1071 3902 tranquillitatem.
1117 3819 1151 3883 Si
1177 3818 1356 3899 complures
1381 3816 1524 3896 episcopi

258 3913 306 3963 ¹40
318 3897 414 3959 simul
428 3919 502 3961 cum
518 3902 771 3982 magistratibus,
788 3910 856 3977 aut,
873 3904 901 3965 si
916 3908 1077 3965 cessarent
1091 3903 1242 3982 episcopi,
1259 3899 1468 3980 magistratus
1482 3917 1523 3959 ex

318 3998 474 4044 consensu
488 3984 701 4064 impetrarent
715 4005 735 4047 a
750 3984 907 4048 Pontifice
921 3984 1113 4047 facultatem
1123 3985 1174 4045 bis
1187 3982 1228 4044 de
1238 3982 1334 4044 rebus
1344 3978 1522 4054 statuendi,

318 4066 390 4122 tum
410 4082 467 4142 per
485 4064 544 4126 hos
564 4069 694 4146 cognita
713 4087 828 4129 caussa
846 4087 906 4148 pro
926 4069 978 4129 cui
1040 4087 1081 4130 ue
1100 4066 1225 4129 meritis
1244 4083 1294 4126 res
1313 4069 1422 4125 essent
1440 4069 1521 4124 tem-

317 4143 488 4220 perandae.
538 4146 683 4210 Indoctis
710 4156 745 4211 et
770 4148 911 4230 indignis
938 4169 1010 4212 sace
1049 4150 1128 4223 otio,
1156 4149 1185 4209 si
1210 4166 1276 4208 non
1303 4149 1437 4225 possent
1463 4148 1524 4205 aut

317 4222 441 4285 nollent
452 4227 624 4301 continere,
638 4231 858 4308 permitterem
870 4237 909 4293 vt
920 4232 1133 4293 concubinam
1145 4233 1308 4291 verterent
1319 4228 1354 4288 in
1366 4244 1500 4288 vxorem
1513 4243 1522 4288 ε

257 4317 301 4369 145
318 4302 375 4363 sed
394 4303 591 4385 deponerent
611 4310 836 4383 sacerdotium,
858 4331 898 4372 ao
917 4331 976 4392 pro
996 4313 1085 4375 laicis
1104 4312 1310 4374 haberentur.
1353 4308 1416 4383 Qui
1435 4308 1523 4371 bona

317 4383 380 4446 fide
409 4389 623 4467 suscepissent
651 4391 868 4455 sacerdotium
896 4400 931 4455 et
959 4394 1139 4458 eruditione
1167 4399 1300 4475 possent
1327 4410 1397 4453 esse
1425 4390 1523 4454 vtiles

350 4559 404 4609 105.
423 4560 575 4598 ramcvnvs
586 4563 729 4601 srcvrrnvs
739 4571 773 4603 c:
791 4553 894 4604 Deinde
904 4556 931 4608 β.
1101 4570 1155 4619 109.
1173 4555 1365 4620 comprobante
1375 4572 1410 4604 c:
1426 4570 1522 4621 apprc-

316 4612 398 4663 bante
412 4615 439 4667 β.
585 4629 639 4667 rro.
657 4632 731 4667 esum
744 4621 781 4672 βε
805 4634 882 4669 vrum
896 4639 921 4670 c.
1067 4635 1121 4671 ιιι.
1139 4622 1280 4686 rnicuiqne
1303 4620 1423 4686 relinquo
1444 4637 1522 4674 snam

315 4679 503 4729 conscientiam
515 4682 542 4735 β.
674 4696 728 4733 112.
746 4683 813 4735 alios
827 4688 863 4740 βε
881 4685 917 4736 ad
932 4684 1031 4736 aliosc.
1170 4701 1197 4738 11
1202 4699 1224 4750 ς.
1244 4699 1522 4739 ramcvnvsrrarrvs

315 4759 363 4793 orn.
373 4746 400 4798 β.
529 4756 583 4809 135.
602 4749 708 4812 cupiam
716 4753 743 4805 β.
859 4764 914 4813 143.
933 4754 1080 4816 pereunte.

350 4937 404 4985 106.
424 4934 464 4984 De
478 4950 525 4984 esu
540 4933 671 4994 carnium]
682 4936 720 4987 Ol.
734 4937 802 5002 Epp
817 4952 889 5004 ¹274·
979 4944 1085 5006 116-17.
1103 4943 1241 5021 cucullam·
1250 4942 1402 5005 excutiunt]
1419 4945 1486 4997 Now
1502 4961 1520 4996 a

317 5014 820 5133 ι4ιιιὸθι3ἱῶω1αοὴι353σ7ω
941 5006 1068 5134 ppqcytical
1088 5011 1212 5072 question
1234 5025 1261 5059 rn
1284 5010 1379 5070 Bule;
1410 5012 1444 5063 ct.
1468 5013 1519 5077 Itp.
