3534 5984
353 708 412 770 loe
707 706 901 771 LE'I'PERS
923 707 979 771 OF
999 706 1200 799 nasarius
1464 708 1558 784 [1525

350 890 409 952 pre
430 871 522 935 bellis
541 892 579 934 ae
596 871 773 936 latrociniis
793 872 1015 935 sanctissimae
1032 871 1117 953 leges
1134 890 1172 933 ae
1190 870 1411 953 philosophiae
1429 871 1560 934 decreta

350 953 439 1016 eordi
459 958 564 1017 erunt.
607 953 737 1017 Virtute
757 953 838 1017 nihil
859 954 1040 1028 amabilius,
1061 952 1118 1016 sed
1139 954 1247 1016 neseio
1267 954 1347 1035 quid
1366 954 1414 1016 iili
1435 954 1559 1017 decoris

303 1041 385 1107 4oet
402 1036 526 1118 gratiae
544 1036 680 1112 accedit,
698 1037 727 1098 si
745 1035 897 1099 lortunae
915 1055 1044 1118 quoque
1063 1036 1157 1098 bonis
1176 1036 1378 1099 multitudini
1397 1056 1557 1099 commen·

349 1116 455 1180 detur.
499 1118 638 1181 Libebat
654 1117 787 1198 quidem
805 1117 952 1200 pluribus
969 1118 1171 1192 extimulare,
1191 1125 1374 1181 eumeniam
1391 1118 1478 1193 lieet,
1500 1118 1558 1181 sed

349 1200 407 1261 vix
428 1200 489 1261 hoe
510 1201 611 1262 etiam
632 1201 765 1263 vaeauit
785 1201 923 1263 seribere
944 1220 1002 1281 per
1022 1200 1205 1263 studiorum
1226 1220 1305 1263 oeeu
1349 1202 1464 1263 tiones.
1507 1201 1557 1262 Tu

349 1280 443 1344 dabis
466 1301 597 1363 operam
620 1288 659 1344 vt
680 1282 783 1345 indies
807 1284 913 1345 minus
936 1302 1030 1364 egeas
1052 1284 1243 1363 cuiusquam
1265 1303 1283 1345 e
1329 1283 1556 1356 ortationibus,

349 1383 472 1444 nosque
490 1364 547 1444 qui
564 1370 642 1427 tuae
660 1365 776 1428 virtuti
791 1363 1029 1446 applaudimus,
1043 1365 1210 1427 iustiorem
1228 1364 1406 1428 habeamus
1425 1384 1556 1427 eausam

304 1468 337 1521 45
349 1446 411 1508 tibi
423 1445 617 1526 gratulandi.
652 1447 740 1509 Bene
753 1446 836 1509 vale.
870 1447 1017 1509 Basileae
1030 1446 1124 1508 Anno
1138 1448 1157 1525 †
1172 1460 1260 1525 1524.

559 1655 773 1742 ¹⁵⁹⁴1626m,
815 1655 869 1722 Το
892 1655 1071 1722 Lrorrsnn
1094 1655 1349 1724 Osannanoor.

386 1794 465 1865 Opus
477 1789 669 1863 Epistularum
681 1808 709 1862 p.
722 1794 785 1862 ⁶04·

311 1891 314 1895 ’
385 1883 548 1953 N.p.576:
571 1880 820 1949 Inndxviiir3=
843 1879 976 1951 LB.771.

577 2040 730 2088 rumve
750 2040 827 2087 RO'l'.
849 2038 1032 2085 moranno
1053 2039 1279 2086 ossmnwno
1300 2040 1328 2087 8.

390 2132 580 2193 hermon
606 2131 801 2206 charissime,
828 2130 917 2212 quod
942 2129 1140 2213 Adagiorum
1165 2131 1334 2211 negocium
1359 2151 1418 2193 voa
1444 2151 1555 2195 omnes

348 2213 502 2277 sollicitos
524 2214 721 2294 circumegit,
745 2232 884 2295 agnosco
907 2212 1012 2275 Caroli
1034 2214 1098 2275 mei
1120 2213 1294 2293 ingenium.
1338 2213 1479 2276 Multum
1501 2214 1555 2277 ille

348 2295 490 2377 pulueris
501 2314 631 2358 mouere
642 2295 726 2358 solet
736 2296 771 2357 in
783 2294 963 2375 quamlibet
973 2294 1038 2356 leui
1048 2295 1191 2375 negocio.
1226 2294 1351 2376 Adagia
1361 2315 1448 2358 nune
1460 2316 1554 2358 exeu-

348 2377 472 2441 duntur
489 2378 525 2441 in
543 2378 671 2440 officina
689 2377 914 2451 Frobeniana3
944 2395 1028 2457 quae
1047 2396 1097 2439 res
1116 2376 1169 2439 hie
1188 2397 1240 2439 me
1259 2397 1346 2440 nune
1364 2384 1554 2453 remoratur,

321 2484 336 2538 ς
349 2460 470 2541 alioqui
479 2460 588 2523 isthuc
598 2460 827 2523 aduolaturum
838 2479 913 2521 eum
922 2459 984 2521 hoe
998 2458 1118 2521 barone
1134 2460 1256 2524 Polono
1270 2459 1393 2523 Ioanne
1407 2480 1428 2522 a
1441 2460 1554 2534 Laseo,

346 2543 464 2606 iuuene
478 2544 561 2606 citra
575 2543 792 2624 arrogantiam
806 2541 944 2615 erudito,
960 2542 1043 2603 eitra
1055 2542 1260 2621 supercilium
1276 2561 1392 2623 magno
1407 2562 1445 2606 ac
1459 2541 1555 2617 feliei,

347 2624 405 2689 sed
421 2623 565 2688 moribus
582 2626 665 2688 adeo
680 2624 835 2698 candidis,
854 2624 975 2698 amieis,
992 2622 1151 2697 iucundis,
1169 2630 1209 2686 vt
1225 2644 1282 2704 per
1298 2626 1367 2687 eius
1384 2626 1555 2687 amabilem

348 2708 614 2771 consuetudinem
631 2726 713 2788 pene
729 2706 944 2787 repubuerim,
963 2706 1083 2786 alioqui
1100 2706 1166 2767 iam
1182 2705 1378 2781 morborum,
1396 2706 1554 2780 laborum,

348 2797 384 2853 et
400 2790 657 2853 obtrectatorum
675 2788 764 2851 tedio
783 2807 990 2850 marcescens.

305 2892 337 2933 ιο
389 2871 682 2953 Quidegoaudior
707 2870 830 2933 adeone
840 2870 903 2932 tibi
915 2871 1048 2950 sapiunt
1098 2888 1200 2951 pones
1211 2876 1246 2934 st
1257 2869 1398 2933 melones
1410 2870 1553 2934 Italiae?

348 2952 466 3016 Vereor
489 2973 531 3015 ne
553 2954 620 3015 iam
643 2958 679 3014 et
702 2953 801 3014 asinis
824 2952 980 3015 inuideas.
1026 2888 1099 3015 Vdie
1135 2953 1246 3033 repius
1270 2953 1415 3033 cognoris
1440 2953 1556 3016 Italiae

347 3034 450 3108 dotes,
466 3033 619 3097 fateberis
634 3053 703 3096 ease
718 3033 806 3113 quod
820 3035 865 3095 sit
880 3032 1060 3115 peponibus
1075 3033 1098 3095 d
1132 3035 1210 3097 eius.
1247 3033 1311 3097 Sed
1327 3041 1366 3097 vt
1381 3055 1555 3098 memorem

348 3114 550 3190 admoneam,
575 3116 767 3189 memineris,
791 3116 914 3196 optime
938 3114 1114 3188 leonardo,
1138 3122 1173 3177 te
1196 3135 1263 3178 non
1286 3136 1326 3178 ea
1348 3137 1447 3179 eausa
1469 3120 1554 3180 istuc

347 3195 528 3278 proiectum
549 3203 589 3259 vt
609 3196 756 3277 hybridis
776 3195 849 3258 loeu
872 3196 953 3258 letas
975 3195 1116 3271 Italiam,
1139 3197 1197 3258 sed
1217 3203 1257 3259 vt
1278 3217 1350 3260 eam
1371 3199 1554 3261 litterarum

868 3284 999 3341 taturus
1019 3278 1097 3340 olim
1118 3284 1211 3341 tuam
1233 3278 1429 3342 Flandriam.
1473 3281 1554 3343 (lum

304 3300 333 3354 ις
392 3277 463 3340 'bus
483 3279 610 3359 spolies,
632 3298 672 3341 ea
690 3277 814 3421 Krseda

380 3360 448 3423 usis
467 3360 643 3424 et·Gratiis
662 3360 690 3421 ti
712 3362 723 3421 i
744 3379 831 3422 nuno
851 3380 902 3422 res
922 3366 994 3433 est;
1026 3358 1145 3440 quibus
1166 3380 1265 3440 quam
1286 3363 1459 3423 conueniat
1479 3383 1553 3424 eum

444 3440 495 3517 de,
511 3449 549 3505 tu
564 3441 691 3505 videris.
728 3441 841 3505 Solent
854 3441 982 3523 Bruges
995 3447 1073 3506 tuae
1087 3443 1215 3523 gignere
1228 3443 1358 3523 ingenia
1371 3443 1555 3506 felicissima

346 3544 505 3669 qaneque
518 3524 636 3586 Atticis
647 3523 820 3586 simillima.
854 3523 928 3587 'libi
941 3543 1019 3587 vero
1030 3526 1236 3606 contigerunt
1247 3526 1405 3588 eiusmodi
1417 3533 1554 3590 naturae

368 3612 440 3670 otas
464 3613 504 3669 vt
525 3607 612 3669 inter
633 3605 743 3669 felices
766 3606 867 3669 etiam
888 3604 1018 3669 videare
1038 3605 1249 3669 felicissimus.
1294 3606 1384 3670 Haeo
1406 3611 1554 3689 protinus

302 3704 336 3743 20
521 3687 563 3752 de
585 3696 620 3751 te
643 3707 734 3770 spem
757 3690 973 3752 concitarunt.
1018 3688 1101 3751 Eam
1124 3689 1333 3753 vehementer
1355 3691 1553 3753 confirmasti

346 3778 402 3835 stu
425 3771 444 3788 ‘⁸
486 3772 553 3835 tuis
575 3771 733 3834 haetenus
755 3770 892 3835 feliciter
914 3771 1075 3834 tractatis
1120 3769 1216 3834 Nune
1239 3792 1318 3835 vere
1341 3779 1552 3855 posteaquam

347 3853 445 3918 adisti
477 3854 662 3930 Patauium,
693 3853 982 3934 locupletissimum
1013 3873 1052 3916 ae
1084 3853 1325 3918 celeberrimum
1357 3857 1553 3936 optimarum

346 3936 587 4018 disciplinarum
609 3937 799 4016 emporium,
821 3934 917 3999 facile
937 3934 1066 3998 diuinas
1087 3954 1187 4017 quam
1209 3938 1290 4000 nihil
1312 3937 1472 4017 plebeium
1495 3944 1554 3999 aut

347 4019 506 4081 mediocre
523 4019 574 4081 tui
592 4017 633 4081 de
651 4025 686 4080 te
704 4023 888 4098 expectent
928 4015 996 4080 Nee
1014 4016 1131 4081 dubito
1150 4021 1239 4101 quin,
1259 4021 1321 4082 nisi
1339 4038 1455 4100 parum
1474 4020 1553 4081 mihi

300 4122 316 4159 2
320 4121 333 4173 ς
346 4106 550 4180 perspectum
562 4106 613 4162 est
625 4106 720 4162 tuum
732 4101 907 4181 ingenium,
921 4101 965 4163 sis
977 4120 1107 4164 omnem
1119 4100 1161 4164 de
1173 4109 1208 4164 te
1221 4121 1321 4183 spem,
1334 4102 1411 4164 lieet
1423 4102 1552 4182 amplis·

345 4182 471 4253 simam,
486 4181 695 4261 amplioribus
707 4182 890 4244 litterarum
903 4183 1062 4246 mercibus
1075 4190 1294 4264 superaturus.
1329 4184 1404 4246 Non
1417 4183 1553 4246 deerunt

345 4264 403 4341 qui
416 4264 542 4342 possint
555 4272 622 4327 λων
723 4272 808 4339 onim
830 4264 888 4327 sed
900 4264 981 4327 illud
992 4285 1110 4328 munus
1123 4272 1174 4328 est
1187 4271 1281 4328 tuum
1292 4272 1327 4327 et
1340 4266 1404 4327 isto
1419 4265 1552 4345 dignum

345 4344 483 4424 ingenio,
506 4350 545 4406 vt
566 4365 624 4407 eru
648 4346 747 4409 'tiene
768 4353 829 4408 tua
849 4365 950 4426 quam
973 4347 1127 4428 plurimos
1171 4348 1261 4427 ‘guas
1282 4353 1359 4409 tuae
1382 4346 1553 4410 Flandriae

345 4424 528 4505 discipulos,
552 4428 608 4507 qui
630 4432 665 4490 te
688 4428 831 4490 moribus
851 4429 1036 4510 inculpatis,
1060 4431 1117 4511 qui
1139 4367 1181 4491 dl
1233 4430 1241 4445 ‘
1267 4448 1288 4491 a
1308 4428 1472 4509 singulari,
1496 4432 1551 4510 qui

300 4524 334 4578 ³0
345 4505 499 4569 facundia
514 4527 581 4571 non
596 4509 722 4591 vulgari
738 4509 890 4573 referant.

387 4588 520 4652 Vtinam
533 4590 613 4654 haec
627 4592 738 4655 liceret
750 4610 860 4653 eoram
873 4594 909 4655 in
921 4592 988 4655 tuis
1001 4593 1104 4657 hortis
1118 4594 1126 4655 l
1152 4613 1234 4675 ques
1247 4592 1397 4675 equidem
1411 4594 1473 4657 tibi
1487 4614 1553 4657 non

345 4668 485 4745 inuidso,
509 4672 567 4734 sed
588 4672 682 4735 doleo
703 4673 783 4735 mihi
805 4679 915 4736 meum
937 4694 1004 4737 non
1025 4695 1094 4738 esse
1117 4695 1312 4739 communes.
1358 4676 1452 4751 Quod
1474 4677 1553 4739 iuris

346 4753 492 4816 Caesarei
507 4754 652 4816 studium
672 4755 884 4835 amplecteris,
899 4775 1001 4836 quum
1014 4758 1086 4820 aliia
1099 4757 1210 4820 multis
1224 4758 1382 4821 decausis
1396 4757 1552 4838 approbo,

345 4840 419 4896 tum
437 4834 495 4897 illa
515 4836 718 4910 nominatim,
741 4837 829 4916 quod
849 4838 1033 4918 longissime
1054 4838 1147 4901 abest
1168 4860 1189 4901 a
1209 4841 1286 4901 rixis
1306 4838 1551 4919 theologorum:

301 4935 333 4989 ³5
346 4915 464 4998 quibua
482 4937 568 4980 nuno
585 4917 715 4981 seruent
732 4920 851 4992 omnia,
865 4920 912 4981 sie
926 4925 965 4981 vt
983 4940 1034 4982 me
1048 4921 1281 5003 propemodum
1299 4920 1411 4985 tedeat
1428 4920 1551 4982 studio·

774 5087 828 5127 rrr.
855 5088 1031 5129 cumauro
1043 5077 1124 5129 Μ.
