3534 5984
311 701 353 759 48
667 696 861 760 surinus
882 695 1161 762 orumsuus
1423 701 1521 778 [1525

254 889 298 940 125
313 862 404 924 eulus
420 882 485 924 non
503 861 634 958 morbus
649 868 710 935 est,
726 860 783 924 sed
799 861 872 941 ipse
887 879 984 956 mors,
1024 861 1130 923 uoties
1145 860 1301 935 oboritur,
1318 865 1423 926 sutsi
1463 865 1522 927 uid

311 944 632 1106 tlpttztsshh
660 942 1522 1102 lttlt.tli.⁵....tt¹.t.h¹ltth..utff

313 1108 388 1169 hine
408 1126 484 1169 mox
501 1108 661 1169 stomnehi
678 1109 774 1169 ruine
790 1112 826 1168 et
843 1107 960 1186 ospitis
978 1106 1050 1168 dire
1067 1108 1210 1180 vexatio,
1230 1113 1270 1169 vt
1288 1107 1369 1170 mihi
1385 1109 1520 1189 quidem

312 1209 439 1285 semper
452 1189 525 1269 plus
538 1188 671 1285 perieuli
683 1190 728 1250 sit
740 1208 782 1251 ex
794 1188 881 1286 ieme
894 1207 994 1284 quem
1008 1207 1049 1250 ex
1062 1187 1196 1285 eelenlo.
1210 1271 1217 1285 ·
1230 1187 1335 1269 Sseps
1346 1196 1383 1252 et
1394 1189 1519 1270 pleure-

254 1270 415 1347 13otrdem
441 1270 542 1367 hebet
566 1271 773 1366 edrunetem,
788 1269 917 1349 uhuqm
941 1289 1101 1332 viseerum
1125 1276 1161 1331 et
1184 1270 1277 1333 ulrum
1301 1273 1457 1346 terminu,
1480 1279 1522 1335 vt

313 1352 392 1414 dum
421 1352 514 1415 ulter-1
542 1352 628 1414 mulo
656 1351 802 1425 medens,
831 1351 970 1413 alterum
997 1370 1176 1431 exasperes.
1225 1352 1345 1433 Itaque
1371 1373 1448 1416 eum
1476 1353 1520 1418 sd

313 1436 499 1497 conuiotum
521 1454 587 1497 non
608 1434 785 1496 iniucunds
805 1435 850 1494 sit
872 1432 1026 1513 podem,
1049 1433 1190 1496 edeulm
1212 1453 1279 1498 non
1301 1434 1396 1497 uhter
1417 1455 1520 1517 quem

314 1517 477 1596 phrenesis
507 1536 617 1579 omnes
645 1514 828 1578 submonet.
879 1514 992 1576 Hebet
1019 1522 1131 1577 temen
1160 1516 1221 1578 hoo
1250 1517 1413 1579 eommodi
1441 1538 1517 1581 oum

314 1598 457 1696 podogre
479 1618 649 1660 commune
673 1596 824 1693 colonius,
849 1596 938 1676 quod
952 1598 1123 1692 ,neminem
1145 1596 1247 1694 laedit
1269 1600 1443 1679 oontngio:
1480 1606 1520 1662 vt

255 1706 264 1741 ι
269 1703 299 1755 ³5
314 1701 342 1742 su
356 1700 527 1743 eonmuere
542 1698 658 1760 perum
672 1686 717 1741 ert
731 1678 918 1775 iucundum,
934 1685 979 1739 sut
993 1684 1105 1741 temen
1118 1698 1243 1760 egregie
1257 1686 1379 1742 tutum.

339 1762 429 1858 ‘Non
451 1762 543 1859 deest
564 1767 675 1857 temen
697 1761 772 1856 hme
793 1766 889 1856 tento
911 1759 998 1856 mulo
1020 1760 1357 1858 quopessitlsuderi
1379 1763 1517 1858 proprie.

314 1844 349 1907 Si
381 1844 511 1941 l‘letom
543 1842 711 1938 credimus,
741 1842 821 1905 nihil
849 1848 901 1904 est
928 1840 1017 1903 eliud
1046 1841 1249 1939 philosophie
1275 1862 1376 1941 quern
1404 1850 1520 1907 morus

315 1924 494 2021 meditatio.
529 1924 601 1985 lem
613 1944 641 1985 ει
651 1923 874 2019 praeclariores
887 1929 948 1997 est,
959 1930 997 1985 vt
1010 1930 1096 2021 eerte
1106 1930 1165 1997 est,
1180 1923 1394 2022 philosophus,
1407 1944 1519 2006 perenn

314 2004 806 2086 glonemieretculeulus,qu1
830 2025 904 2067 vere
927 2012 1040 2067 mortu
1060 2012 1112 2068 est
1133 2006 1312 2069 medrtstro.
1357 2006 1518 2082 Quemad-

256 2111 305 2163 140
316 2087 547 2183 modumenim
560 2088 655 2183 iuxte
666 2087 832 2149 rhetorum
850 2086 936 2166 leges
954 2087 1044 2148 nulle
1060 2107 1095 2149 re
1110 2088 1223 2150 melius
1241 2088 1395 2151 diseimus
1413 2088 1519 2152 disere

316 2188 415 2249 quem
428 2169 575 2242 dieendo,
590 2176 639 2230 rte
652 2187 747 2231 nemo
761 2170 857 2231 eitius
870 2166 968 2231 discit
982 2170 1063 2231 mori
1077 2189 1176 2249 quem
1190 2168 1327 2232 subinde
1341 2171 1517 2235 moriendo.

315 2251 368 2313 Ad
398 2251 477 2313 heeo
507 2250 689 2331 philosophi
719 2270 837 2337 megno
866 2270 1023 2313 eonsensu
1054 2250 1173 2313 dooeut
1202 2250 1322 2314 bonum
1351 2251 1520 2316 ielieitstis

315 2333 625 2477 hummwfflm
648 2352 716 2395 esse
739 2352 855 2394 verere
878 2338 969 2394 metu
992 2333 1115 2395 mortis.
1160 2333 1246 2395 Eum
1268 2340 1307 2396 vt
1328 2334 1519 2408 eximerent,

315 2415 413 2477 vsriis
432 2435 464 2476 m
510 2416 517 2430 '
553 2421 734 2487 tentarunt,
753 2414 832 2476 dum
851 2414 933 2475 elius
951 2414 1032 2476 dioit
1049 2414 1171 2476 frustra
1187 2415 1295 2477 timeri
1311 2415 1404 2496 quod
1421 2417 1520 2479 vitari

258 2517 381 2573 145non
399 2503 529 2578 poteet;
560 2496 642 2559 elius
660 2496 740 2559 nihil
758 2495 939 2558 timendum
958 2503 1086 2575 prester
1103 2496 1349 2576 turpitudinem,
1369 2505 1519 2571 mortem,

315 2581 394 2660 quie
413 2581 509 2642 iuxte
529 2586 680 2641 neturem
702 2580 755 2652 sit,
779 2599 837 2640 neo
860 2578 980 2639 melem
1001 2597 1070 2640 esse
1091 2598 1150 2640 nee
1172 2578 1402 2653 metuendum
1436 2578 1521 2642 elius

315 2663 469 2759 quonism
483 2682 504 2723 e
515 2681 593 2758 rogo
605 2661 685 2758 nihil
697 2666 844 2757 superest
855 2660 1005 2755 hominis,
1019 2666 1156 2755 mortem
1168 2680 1237 2723 esse
1249 2660 1346 2758 finem
1360 2660 1519 2758 melorum

316 2764 470 2905 {heth
490 2744 913 2887 ldhluffllmdmull
926 2740 1521 2903 ftttthththm

258 2930 306 2981 150
317 2907 419 2968 benis.
469 2906 587 2985 Iteque
613 2925 681 2967 rem
709 2912 838 2966 tentem
865 2905 1057 2985 compendio
1084 2904 1181 2967 dooet
1206 2904 1359 2979 edeulus,
1387 2912 1428 2968 vt
1455 2925 1522 2969 non

316 2988 420 3049 solum
437 2990 541 3064 (non)
557 2987 686 3047 horreas
701 2993 839 3047 mortem
854 3007 967 3049 verum
982 2988 1082 3048 etism
1096 2989 1131 3048 in
1146 2989 1233 3050 votis
1247 2987 1377 3050 hebess.
1414 2987 1521 3061 Dioee,

317 3069 440 3164 Saeuus
479 3068 633 3164 magister
665 3075 716 3129 est
749 3068 900 3165 onloulus.
951 3069 1079 3142 Fateor,
1113 3068 1170 3131 sed
1203 3068 1289 3130 idem
1322 3088 1392 3131 rem
1425 3069 1523 3132 deest

317 3150 1523 3313 ewinus:

259 3338 269 3375 ι
273 3338 286 3391 5
291 3337 303 3389 5
317 3314 436 3375 toleres
450 3314 456 3375 !
493 3313 556 3376 Sed
570 3332 714 3375 ommum
729 3316 868 3375 maxime
883 3314 1063 3375 musculum
1075 3321 1127 3377 est
1139 3334 1214 3377 oum
1228 3321 1333 3377 morte
1345 3318 1502 3378 πυκτεύειν.

359 3396 478 3457 Verum
493 3396 696 3468 interim,'mi
712 3395 881 3468 Bilibelde,
899 3395 978 3457 dum
994 3398 1028 3458 in
1044 3398 1148 3458 tentis
1164 3396 1256 3459 melis
1271 3398 1426 3470 ioeemur,
1442 3396 1524 3478 quid

318 3475 407 3538 eliud
431 3496 530 3558 quem
553 3476 694 3538 ridemus
720 3478 821 3539 risum
843 3478 1058 3539 sardonium?
1105 3479 1238 3540 Vtinsm
1265 3477 1441 3559 eliquoudo
1464 3486 1525 3542 tue

318 3558 462 3639 podagre
476 3566 585 3621 tecum
602 3559 703 3621 feeiet
718 3559 917 3621 diuortium!
947 3562 1037 3621 euius
1054 3561 1190 3623 eximiae
1208 3561 1346 3623 virtutes
1362 3579 1522 3641 promere·

318 3641 438 3703 bantur
454 3647 489 3703 et
504 3641 664 3703 diutinum
680 3647 715 3703 et
730 3660 918 3722 prosperam
934 3641 1164 3715 valetudinem,
1180 3642 1238 3722 qui
1254 3648 1383 3704 tentum
1400 3642 1523 3706 vtilits·

259 3736 306 3786 160
317 3730 385 3785 tem
401 3724 508 3786 ediers
523 3729 558 3786 et
572 3724 689 3785 studiis
704 3725 825 3804 periter
840 3729 875 3785 et
889 3722 1134 3803 reip<ublieee>.
1172 3724 1339 3803 Demigret
1352 3730 1465 3786 sutem
1480 3724 1525 3786 nd

317 3806 397 3868 ulios
417 3807 477 3904 hoe
497 3806 584 3903 mulo
602 3806 737 3903 dignos}
769 3805 821 3867 Ad
841 3825 933 3885 quos,
953 3806 1106 3902 inquies?
1140 3806 1300 3902 Equidem
1319 3806 1462 3885 optarim
1480 3804 1524 3869 sd

317 3888 413 3951 Ceres
423 3896 504 3951 istos
516 3909 573 3985 qur
584 3888 751 3951 destitutis
761 3908 836 3950 oum
848 3908 949 3985 uxore
959 3886 1078 3960 libens,
1089 3895 1279 3984 intermissis
1291 3906 1373 3967 ques
1384 3893 1524 3967 petrono

317 3970 438 4147 3ξῖἶίἒέ
457 3969 1244 4147 tuhtllbllttlzlthhhl’lss
1266 3975 1525 4132 llilhlnffl

259 4147 303 4207 165
318 4133 708 4212 videnturqurpodegree
718 4135 919 4196 vinculiselli
940 4141 1036 4197 entur
1046 4134 1161 4195 domi?
1194 4133 1240 4194 At
1249 4131 1391 4214 ouleulus
1402 4132 1524 4194 melum

318 4221 368 4275 est
384 4213 544 4276 crudelius
560 4233 659 4293 quem
677 4221 715 4277 vt
731 4216 784 4277 vel
799 4217 915 4295 porrici
940 4218 947 4231 '
982 4216 1079 4279 velim
1094 4213 1274 4294 impreoeri.
1312 4214 1447 4277 Poterat
1463 4214 1525 4278 hoe

318 4295 468 4373 quemuis
478 4301 576 4356 tenue
586 4296 811 4375 corpusculum
822 4319 925 4361 ennos
936 4299 1042 4361 edhuo
1052 4297 1178 4377 aliquot
1187 4296 1331 4358 sufficere
1341 4296 1525 4358 studiorum

318 4374 493 4448 laboribus,
520 4376 582 4438 nisi
608 4382 678 4437 tem
704 4379 839 4440 immuni
865 4381 965 4442 sriete
991 4378 1128 4441 subinde
1154 4383 1390 4441 concuteretur.
1439 4377 1526 4441 Nam

319 4458 521 4600 enimusmfflui
538 4477 572 4600 sse
589 4458 689 4602 nergel
706 4460 835 4523 diuinee
853 4461 1017 4524 voluntati
1034 4466 1144 4522 totum
1161 4460 1308 4534 tradidit,
1326 4478 1386 4539 per
1404 4466 1456 4521 est
1474 4458 1527 4522 vel

261 4558 374 4612 170mo
406 4558 417 4599 1
499 4560 533 4601 es
561 4560 637 4602 eren
660 4561 707 4603 ee.

355 4620 527 4716 ‘Hactenus
551 4622 592 4685 de
616 4624 712 4686 rebus
736 4625 882 4704 pessimis
907 4624 1007 4687 verbe
1030 4623 1174 4698 fecimus,
1200 4642 1286 4685 nune
1311 4622 1354 4684 ed
1377 4621 1525 4684 laetiore.

319 4702 417 4763 Mitto
429 4702 472 4763 od
484 4709 517 4764 te
529 4703 661 4803 Ioannis
672 4704 893 4803 chrysostomi
904 4707 1048 4787 dialogos
1059 4727 1116 4768 sex
1130 4727 1137 4779 ;
1161 4706 1326 4785 inquibus
1338 4705 1422 4766 mire
1431 4704 1528 4799 eopie

318 4789 442 4845 treotet
465 4793 590 4864 quante
611 4793 655 4848 sut
677 4786 819 4868 dignitus
840 4808 1074 4869 ep1sooporum,
1098 4794 1132 4849 et
1153 4808 1264 4849 rursus
1286 4805 1386 4866 quem
1408 4805 1460 4848 res
1482 4792 1527 4847 ert

319 4864 422 4926 ardue
447 4885 522 4929 vere
547 4887 654 4947 gerere
679 4889 797 4932 munus
822 4871 974 4951 episeopi.
1021 4871 1126 4944 Dices,
1155 4869 1239 4944 Quid
1263 4870 1348 4931 istue
1375 4867 1418 4929 sd
1444 4872 1525 4930 mel

733 5074 788 5126 1³7·
806 5053 925 5117 Putem]
939 5054 1040 5110 Plocio
1050 5062 1085 5125 67
1095 5072 1121 5109 r.
