3534 5984
367 709 427 770 118
720 711 915 775 afflans
936 712 992 774 OF
1013 710 1213 775 ERASMUS
1475 712 1569 787 [1525

364 895 406 937 ex
428 877 526 937 saeris
547 876 665 938 litteris
687 877 876 939 confirmare
898 876 1020 939 solere:
1056 897 1137 957 quas
1159 878 1296 939 Zenonis
1320 896 1408 939 more
1431 877 1570 938 Achilles

365 964 472 1036 putat.
522 957 616 1033 Quod
641 960 762 1021 nemini
787 979 864 1022 sane
891 961 1008 1022 mirum
1035 960 1137 1022 videri
1163 966 1314 1039 oportet:
1353 979 1376 1020 n
1417 979 1458 1020 ue
1484 960 1569 1021 enim

365 1038 539 1101 defuerunt
561 1060 705 1120 unquam
728 1043 871 1121 antiquis
893 1042 1062 1104 haereticis
1084 1041 1217 1122 splenia,
1241 1040 1359 1121 quibus
1382 1059 1490 1103 vcera
1511 1061 1571 1102 sua

318 1140 354 1188 60
366 1127 599 1201 praetegerent.
640 1122 726 1197 Quid
735 1123 824 1203 quod
837 1124 918 1186 certi
931 1124 1076 1185 homines
1089 1130 1124 1185 et
1135 1125 1160 1185 ii
1172 1122 1303 1203 quidem
1316 1126 1476 1197 ἀξιόπιστοι
1491 1122 1570 1183 mihi

365 1202 555 1277 retulerunt,
571 1204 750 1267 Luthernm
764 1224 803 1268 ea
816 1224 882 1267 non
896 1205 995 1268 semel
1007 1205 1143 1285 stropha
1157 1224 1251 1266 vsum
1266 1225 1334 1267 esse
1350 1204 1393 1266 ad
1407 1223 1568 1284 aucupan-

365 1284 443 1347 dam
458 1286 597 1348 nominis
612 1286 756 1367 gloriam,
772 1287 964 1350 sabomasse
978 1288 1101 1350 sclieet
1116 1306 1153 1348 ao
1169 1287 1364 1348 summisisse
1379 1284 1441 1347 sibi
1457 1286 1569 1347 aduer-

364 1368 465 1428 sarios
490 1367 597 1429 dicam
623 1387 666 1431 an
692 1371 992 1450 praeuaricatoresl
1031 1370 1087 1448 qui
1113 1367 1230 1431 deinde
1255 1369 1425 1449 congressi,
1451 1369 1570 1448 ingenii

364 1448 468 1511 fasces
488 1451 739 1525 summitterent,
760 1458 795 1513 et
815 1472 849 1513 se
870 1452 904 1512 vi
924 1452 1088 1513 rationum
1109 1458 1311 1530 expugnatos
1331 1449 1569 1530 profiterentur,

318 1549 351 1611 65
364 1549 424 1593 neo
443 1532 539 1594 inuiti
558 1533 593 1594 in
613 1532 748 1595 Lutheri
766 1533 884 1614 dogma
903 1532 1124 1594 concederent.
1166 1532 1256 1593 Haeo
1275 1538 1326 1594 est
1345 1531 1496 1593 videlicet
1514 1531 1572 1592 illa

364 1612 540 1676 Alexandri
553 1613 801 1676 Pseudomantis
812 1616 948 1676 iactatio
962 1633 969 1687 ;
996 1615 1052 1694 qui
1066 1614 1265 1676 maenades
1278 1633 1364 1688 suos,
1378 1613 1570 1693 quibuscum

365 1694 463 1757 semel
483 1703 584 1776 caput
604 1697 803 1770 contulisset,
825 1695 1023 1777 gloriabatur
1044 1715 1065 1757 a
1084 1716 1118 1758 se
1138 1697 1350 1777 quantumuis
1370 1695 1569 1768 ferocientes,

366 1784 499 1855 pacatos
515 1778 723 1858 melioresque
738 1779 913 1840 dimittere.

407 1858 480 1921 Scio
492 1858 562 1921 iore
575 1861 633 1939 qui
646 1860 758 1922 dicant
771 1860 865 1922 facile
878 1880 947 1922 esse
961 1860 996 1921 in
1010 1859 1189 1920 Lutherum
1203 1858 1310 1921 verbis
1324 1859 1433 1920 inuehi
1447 1866 1481 1920 et
1495 1878 1568 1919 con·

321 1970 354 2021 70
367 1940 457 2001 uitiis
474 1939 676 2015 debacchari,
695 1962 833 2022 eumque
852 1962 938 2003 nunc
957 1941 1156 2015 seditiosum,
1175 1960 1261 2002 nunc
1280 1939 1465 2014 barbarum,
1485 1960 1570 2001 nuno

366 2028 548 2083 monstrum
568 2022 739 2103 appellare,
760 2024 894 2104 aliisque
913 2022 1105 2085 foedissimis
1124 2022 1230 2084 titulis
1249 2023 1482 2095 dehonestum
1514 2022 1571 2082 sed

367 2121 433 2164 non
451 2102 545 2165 facile
563 2125 633 2165 esse
650 2106 831 2167 rationibus
849 2112 884 2168 et
902 2106 1100 2185 argumentis
1119 2105 1281 2166 hominem
1300 2124 1505 2184 expugnare:
1537 2104 1571 2164 id

368 2185 456 2263 quod
469 2205 529 2266 ego
540 2186 634 2267 longe
652 2207 743 2249 secus
757 2189 917 2249 existimo.
957 2186 1043 2249 Nam
1057 2192 1165 2253 ἁπλοῦς
1176 2192 1227 2265 τῆς
1236 2190 1370 2265 ἀληθείας
1383 2190 1480 2283 λόγος,
1494 2189 1526 2248 τὸ
1541 2187 1570 2247 δὲ

367 2268 469 2346 ψεῦδος
480 2271 680 2347 πολύμορφον.
722 2268 807 2331 Nam
820 2276 859 2331 vt
869 2270 915 2331 sit
928 2268 1074 2342 Proteus,
1089 2276 1127 2330 vt
1140 2288 1174 2330 se
1184 2275 1294 2330 vertat
1303 2270 1337 2330 in
1346 2287 1455 2329 omma
1464 2287 1571 2329 rerum

322 2377 353 2429 75
368 2348 532 2423 miracula,
548 2350 609 2413 hoe
624 2351 704 2413 mihi
718 2358 771 2413 sat
785 2358 845 2425 est,
861 2358 986 2413 eertum
1001 2357 1036 2412 et
1050 2350 1254 2430 exploratum
1270 2349 1387 2412 habere
1402 2350 1488 2411 hunc
1503 2369 1571 2411 esse

368 2428 532 2505 Proteum,
545 2439 580 2494 et
590 2434 640 2494 ita
650 2432 734 2495 elabi
747 2439 786 2494 vt
798 2453 864 2495 non
877 2433 971 2495 facile
984 2433 1071 2494 nodo
1083 2439 1244 2495 teneatur.
1278 2431 1343 2493 Fac
1356 2431 1571 2512 Chrysippum

366 2531 442 2574 suos
456 2514 490 2574 in
504 2533 555 2576 me
569 2516 686 2577 soritas
698 2534 898 2589 conseruare,
912 2535 994 2594 quos
1007 2534 1067 2595 ego
1080 2513 1276 2594 distinguere
1289 2522 1324 2575 et
1337 2513 1492 2593 dissipare
1505 2533 1571 2575 non

367 2596 509 2674 possim;
537 2596 716 2672 facetiam,
734 2599 762 2659 si
777 2597 878 2670 lubet,
896 2597 1036 2677 aliquem
1053 2596 1271 2675 sophistarum
1288 2596 1367 2656 mihi
1382 2596 1447 2657 tria
1463 2596 1572 2674 capita

368 2682 428 2738 aut
454 2684 541 2740 certe
566 2698 688 2741 cornua
713 2678 918 2760 affigentem:
957 2698 1000 2740 an
1025 2679 1140 2739 iccirco
1163 2696 1215 2738 me
1239 2677 1292 2738 vel
1315 2677 1495 2757 Geryonem
1519 2676 1572 2738 vel

322 2757 507 2838 toinpum
530 2759 682 2840 putabo?
726 2761 820 2823 certe
843 2761 1013 2840 Diogenes,
1037 2779 1136 2839 quom
1160 2778 1234 2821 eum
1258 2758 1391 2838 quidam
1414 2778 1481 2820 non
1504 2779 1572 2819 esse

367 2840 531 2903 hominem
542 2849 733 2922 argumento
743 2842 931 2923 collegisset,
943 2862 1002 2904 nec
1012 2848 1138 2903 teneret
1149 2841 1312 2921 quomodo
1323 2841 1572 2921 paralogismum

368 2921 527 2995 dilueret;
557 2924 607 2984 ‘A
621 2944 673 2985 me
687 2924 694 2949 '
710 2925 827 3003 inquit,
845 2925 970 3003 ‘incipe
983 2924 1002 2985 ’.

410 3002 548 3065 Proinde
572 3006 600 3066 si
624 3024 759 3085 magnus
782 3007 836 3068 ille
860 3011 1029 3086 argutator
1052 3004 1213 3066 Lutherus
1236 3004 1402 3084 puluerem
1427 3005 1506 3065 mihi
1530 3003 1572 3065 ob

369 3085 478 3146 oeulos
495 3087 666 3148 coniecerit
683 3087 736 3149 vel
752 3107 856 3149 meras
871 3088 1063 3168 praestigias
1078 3086 1201 3159 iecerit,
1218 3086 1300 3148 nihil
1318 3093 1370 3148 ost
1389 3086 1478 3165 quod
1498 3105 1572 3147 eum

322 3182 354 3246 85
369 3173 540 3245 propterea
574 3170 728 3231 maiorem
763 3169 966 3231 melioremus
1000 3175 1124 3249 putem.
1181 3167 1286 3243 Quom
1319 3168 1404 3230 forte
1439 3167 1572 3247 quidam

368 3246 557 3327 Callipidem
573 3250 796 3325 admiraretur,
811 3252 944 3331 eiusque
960 3257 1064 3313 artem
1079 3249 1249 3312 extolleret
1264 3249 1352 3330 apud
1367 3249 1550 3331 Agesilaum
1564 3270 1572 3322 ;

371 3329 479 3404 ‘Quid
504 3331 538 3392 ni
552 3331 571 3404 ’,
598 3333 716 3412 inquit,
746 3334 825 3413 ‘ego
851 3334 997 3395 nouerim
1028 3331 1217 3413 Callipidem
1248 3331 1429 3394 diealiotam
1444 3332 1479 3393 l’
1527 3332 1573 3392 sic

369 3411 557 3474 histrionem
573 3414 781 3494 appellabant
799 3415 952 3477 Lacones.
994 3414 1078 3478 Sane
1096 3433 1162 3476 non
1180 3414 1281 3495 pluris
1296 3413 1397 3476 fuerit
1415 3412 1503 3494 apud
1521 3433 1573 3474 me

369 3491 530 3556 Lutherus
545 3496 598 3557 vel
611 3497 757 3576 sophista
771 3496 824 3559 vel
837 3497 958 3577 praesti
981 3497 1074 3558 'ator
1109 3495 1174 3558 Gur
1187 3496 1273 3558 enim
1287 3515 1353 3558 non
1367 3496 1428 3557 hae
1442 3514 1572 3557 nomen·

323 3574 496 3652 90clatura
518 3597 670 3640 exornem
694 3599 768 3641 eum
792 3580 850 3659 qui
873 3598 931 3659 per
968 3598 1065 3641 ucum
1088 3577 1246 3640 damnata
1269 3584 1304 3639 et
1327 3575 1473 3639 obsoleta
1496 3576 1573 3638 olim

369 3656 524 3739 dogmata
543 3660 723 3723 instaurare
744 3663 881 3734 nititnr;
914 3666 1045 3740 recepta
1065 3666 1176 3721 autem
1196 3666 1231 3721 et
1251 3665 1304 3721 tot
1323 3658 1437 3721 seculis
1458 3665 1494 3719 to
1534 3678 1573 3718 ue

370 3740 1571 3904 stabilitabitinhabitabilibus?

368 3924 458 3979 aeno,
491 3904 648 3986 nysseno,
681 3908 893 3980 Damascene,
926 3905 1058 3979 Basilio,
1090 3904 1331 3986 Chrysostomo,
1399 3905 1573 3984 'eronymo,

324 4012 356 4064 95
369 3985 531 4067 Gregorio,
563 3988 745 4069 Augustino
776 3988 927 4069 depulsis,
959 4007 993 4049 se
1024 4006 1126 4049 vnum
1156 3994 1374 4048 enarratorem
1407 3984 1575 4065 Euangelii

368 4074 522 4143 ostentet,
549 4069 675 4151 sibique
701 4071 813 4133 haberi
839 4071 897 4132 vni
923 4068 1020 4131 fidem
1046 4067 1138 4142 velit,
1165 4088 1224 4130 ceu
1250 4087 1328 4130 vero
1354 4069 1423 4130 eius
1449 4067 1575 4146 lampas

367 4149 496 4211 illorum
509 4153 653 4214 omniurn
665 4153 789 4215 lumina
800 4152 1026 4232 praestringat.
1062 4150 1206 4225 Quorum
1218 4151 1354 4229 quisque
1367 4168 1432 4228 quo
1445 4150 1576 4228 propior

367 4231 432 4292 fuit
445 4231 571 4294 florenti
585 4234 755 4309 Ecclesiae,
769 4235 830 4296 hoe
843 4233 982 4312 amplius
995 4233 1104 4294 hausit
1116 4252 1157 4294 ex
1169 4231 1261 4293 ionte
1273 4231 1419 4293 coelestis
1431 4231 1574 4310 spiritus,

566 4394 606 4446 73.
625 4384 680 4435 N²s
700 4381 792 4432 arasa
803 4382 830 4434 Η
842 4381 921 4435 hond
1142 4379 1183 4430 88.
1201 4377 1344 4430 histriones
1355 4376 1390 4428 N.

405 4553 444 4605 57.
464 4537 588 4601 huonis]
605 4539 633 4589 oi
650 4540 732 4590 Elea:
757 4544 787 4591 te
802 4538 900 4597 whom,
918 4552 948 4587 or
1033 4552 1072 4602 73.
1091 4535 1194 4598 dranis]
1206 4536 1245 4588 cf.
1261 4535 1342 4601 aduc.
1357 4536 1413 4586 288.

370 4611 400 4684 to
415 4605 457 4657 his
473 4604 581 4692 toacheq
597 4605 776 4693 Parmenides,
793 4604 947 4682 thevinven·
1033 4617 1073 4667 74
1092 4602 1263 4666 Proteus10i.
1276 4604 1351 4718 Vetq.
1364 4601 1392 4653 0.
1403 4616 1428 4664 4
1440 4615 1500 4664 411,
1515 4613 1573 4663 441.

370 4677 427 4721 tren
450 4670 478 4750 ol
501 4671 547 4722 the
586 4670 701 4721 Achilles
742 4686 765 4720 rs
787 4667 947 4721 attributed.
1034 4669 1118 4733 79-80
1142 4668 1327 4746 Geryonemre
1341 4663 1577 4794 Cspgeumssaffl

371 4736 418 4788 aee
430 4736 507 4802 Dsog.
522 4736 611 4787 Laert.
623 4751 648 4799 9.
665 4748 687 4799 ς.
913 4801 919 4813 .
998 4734 1149 4813 attributed
1159 4733 1233 4785 three
1244 4734 1336 4785 boues
1347 4738 1377 4785 to
1426 4747 1502 4798 ryom

437 4801 563 4862 Achilles]
581 4802 621 4854 of.
642 4801 723 4865 Aduo.
740 4803 809 4863 641:
837 4798 948 4850 ‘Ratio
999 4799 1027 4850 oi
1047 4798 1129 4865 Spain
1148 4800 1234 4864 (Lacr.
1258 4812 1279 4863 ς.
1301 4800 1355 4862 28),
1374 4797 1429 4849 and
1447 4796 1528 4847 horus
1548 4799 1577 4844 to

370 4882 432 4918 nem
477 4872 526 4918 aut
571 4870 758 4946 argumentum
801 4865 948 4945 achilleum
999 4880 1016 4915 a
1031 4861 1516 4932 Romanpraetor,0ippus(0v.d1.
1537 4874 1546 4910 ι
1552 4873 1575 4923 5.

371 4932 569 5050 quabqltequod
595 4938 631 4983 srt
658 4930 834 4998 insuperabile
855 4936 884 4982 et
910 4948 948 4981 m·
1000 4934 1413 5061 ⁵⁶hffihenoe1fflas.iv.
1428 5004 1503 5056 177⁸·

369 5014 445 5115 ⁸066.
465 5062 679 5126 Pseudomantis]
690 5063 737 5116 See
747 5063 809 5114 Luc
821 5063 894 5115 Ala.
907 5075 948 5128 55.
1032 5062 1073 5112 86.
1092 5058 1255 5127 Agesilaum]
1267 5058 1315 5112 aas
1327 5058 1399 5109 Plut.
1412 5058 1487 5123 Apes.
1501 5070 1541 5109 ar.
