<?xml version="1.0" encoding="UTF-8"?>
<!DOCTYPE html PUBLIC "-//W3C//DTD XHTML 1.0 Transitional//EN"
    "http://www.w3.org/TR/xhtml1/DTD/xhtml1-transitional.dtd">
<html xmlns="http://www.w3.org/1999/xhtml" xml:lang="en" lang="en">
 <head>
  <title>
</title>
<meta http-equiv="Content-Type" content="text/html;charset=utf-8" />
  <meta name='ocr-system' content='tesseract 3.04.00' />
  <meta name='ocr-capabilities' content='ocr_page ocr_carea ocr_par ocr_line ocrx_word'/>
</head>
<body>
  <div class='ocr_page' id='page_1' title='image "./opusepistolarum04garrgoog_0456.png"; bbox 0 0 3534 5984; ppageno 0'>
   <div class='ocr_carea' id='block_1_1' title="bbox 309 698 1540 783">
    <p class='ocr_par' dir='ltr' id='par_1_1' title="bbox 309 698 1540 783">
     <span class='ocr_line' id='line_1_1' title="bbox 309 698 1540 783; baseline 0.002 -20"><span class='ocrx_word' id='word_1_1' title='bbox 309 703 371 765; x_wconf 79' lang='lat'><strong>418</strong></span> <span class='ocrx_word' id='word_1_2' title='bbox 665 700 861 763; x_wconf 72' lang='lat' dir='ltr'>LBHERS</span> <span class='ocrx_word' id='word_1_3' title='bbox 882 700 938 764; x_wconf 72' lang='grc' dir='ltr'><strong>ΟΒ</strong></span> <span class='ocrx_word' id='word_1_4' title='bbox 958 698 1161 764; x_wconf 78' lang='grc' dir='ltr'><strong>ΕΒΑΒΜΠΒ</strong></span> <span class='ocrx_word' id='word_1_5' title='bbox 1441 700 1540 783; x_wconf 82' lang='lat'>[1526</span> 
     </span>
    </p>
   </div>
   <div class='ocr_carea' id='block_1_2' title="bbox 248 862 1535 3966">
    <p class='ocr_par' dir='ltr' id='par_1_2' title="bbox 280 862 1535 1107">
     <span class='ocr_line' id='line_1_2' title="bbox 280 862 1535 947; baseline 0.001 -18"><span class='ocrx_word' id='word_1_6' title='bbox 280 866 399 939; x_wconf 84' lang='lat' dir='ltr'><strong>scoeli,</strong></span> <span class='ocrx_word' id='word_1_7' title='bbox 418 887 608 929; x_wconf 73' lang='lat' dir='ltr'><strong>secesseram</strong></span> <span class='ocrx_word' id='word_1_8' title='bbox 626 868 662 928; x_wconf 91' lang='lat' dir='ltr'><strong>in</strong></span> <span class='ocrx_word' id='word_1_9' title='bbox 680 873 789 928; x_wconf 90' lang='lat' dir='ltr'><strong>ortum</strong></span> <span class='ocrx_word' id='word_1_10' title='bbox 806 884 904 945; x_wconf 91' lang='lat' dir='ltr'><strong>quem</strong></span> <span class='ocrx_word' id='word_1_11' title='bbox 923 865 1061 926; x_wconf 76' lang='lat' dir='ltr'><strong>Ioennes</strong></span> <span class='ocrx_word' id='word_1_12' title='bbox 1078 862 1258 925; x_wconf 81' lang='lat' dir='ltr'><strong>Frobcnius</strong></span> <span class='ocrx_word' id='word_1_13' title='bbox 1274 866 1364 927; x_wconf 74' lang='lat' dir='ltr'><strong>sctis</strong></span> <span class='ocrx_word' id='word_1_14' title='bbox 1383 867 1535 947; x_wconf 81' lang='lat' dir='ltr'><strong>emplum</strong></span> 
     </span>
     <span class='ocr_line' id='line_1_3' title="bbox 307 944 1533 1107; baseline 0.002 -16"><span class='ocrx_word' id='word_1_15' title='bbox 307 945 1106 1107; x_wconf 46' lang='lat' dir='ltr'><strong>ffimslfflffflfm‘ffliilffiii</strong></span> <span class='ocrx_word' id='word_1_16' title='bbox 1120 944 1387 1091; x_wconf 51' lang='lat' dir='ltr'><strong>{tw</strong></span> <span class='ocrx_word' id='word_1_17' title='bbox 1413 952 1533 1094; x_wconf 59' lang='lat' dir='ltr'><strong>affl</strong></span> 
     </span>
     <span class='ocr_line' id='line_1_4' title="bbox 494 1048 882 1092; baseline -0.003 -1"><span class='ocrx_word' id='word_1_18' title='bbox 494 1050 536 1092; x_wconf 91' lang='lat' dir='ltr'><strong>uo</strong></span> <span class='ocrx_word' id='word_1_19' title='bbox 589 1049 653 1092; x_wconf 85' lang='lat' dir='ltr'><strong>ons</strong></span> <span class='ocrx_word' id='word_1_20' title='bbox 667 1050 707 1090; x_wconf 84' lang='lat' dir='ltr'><strong>vc</strong></span> <span class='ocrx_word' id='word_1_21' title='bbox 733 1048 882 1091; x_wconf 91' lang='lat' dir='ltr'><strong>somnum</strong></span> 
     </span>
    </p>

    <p class='ocr_par' dir='ltr' id='par_1_3' title="bbox 261 1107 1531 1863">
     <span class='ocr_line' id='line_1_5' title="bbox 307 1107 1531 1188; baseline 0.001 -14"><span class='ocrx_word' id='word_1_22' title='bbox 307 1111 459 1174; x_wconf 70' lang='lat' dir='ltr'><strong>tedium</strong></span> <span class='ocrx_word' id='word_1_23' title='bbox 557 1159 565 1186; x_wconf 91' lang='lat'>,</span> <span class='ocrx_word' id='word_1_24' title='bbox 581 1114 609 1173; x_wconf 92' lang='lat' dir='ltr'><strong>si</strong></span> <span class='ocrx_word' id='word_1_25' title='bbox 650 1111 759 1173; x_wconf 77' lang='lat' dir='ltr'><strong>unndo</strong></span> <span class='ocrx_word' id='word_1_26' title='bbox 776 1110 899 1172; x_wconf 74' lang='lat' dir='ltr'><strong>inuitat</strong></span> <span class='ocrx_word' id='word_1_27' title='bbox 912 1110 994 1172; x_wconf 77' lang='lat' dir='ltr'><strong>neris</strong></span> <span class='ocrx_word' id='word_1_28' title='bbox 1006 1110 1187 1188; x_wconf 80' lang='lat' dir='ltr'><strong>temperies.</strong></span> <span class='ocrx_word' id='word_1_29' title='bbox 1235 1107 1321 1173; x_wconf 84' lang='lat' dir='ltr'><strong>Post</strong></span> <span class='ocrx_word' id='word_1_30' title='bbox 1332 1109 1531 1175; x_wconf 67' lang='lat' dir='ltr'><strong>deambulo·</strong></span> 
     </span>
     <span class='ocr_line' id='line_1_6' title="bbox 307 1189 1529 1273; baseline 0.002 -19"><span class='ocrx_word' id='word_1_31' title='bbox 307 1193 485 1255; x_wconf 77' lang='lat' dir='ltr'><strong>tiunculnm</strong></span> <span class='ocrx_word' id='word_1_32' title='bbox 499 1214 635 1256; x_wconf 91' lang='lat' dir='ltr'><strong>conscen</strong></span> <span class='ocrx_word' id='word_1_33' title='bbox 755 1190 984 1254; x_wconf 68' lang='lat' dir='ltr'><strong>domunculam</strong></span> <span class='ocrx_word' id='word_1_34' title='bbox 997 1189 1192 1264; x_wconf 72' lang='lat' dir='ltr'>hortensem,</span> <span class='ocrx_word' id='word_1_35' title='bbox 1201 1189 1337 1271; x_wconf 56' lang='lat' dir='ltr'><strong>nmque</strong></span> <span class='ocrx_word' id='word_1_36' title='bbox 1351 1212 1529 1273; x_wconf 71' lang='lat' dir='ltr'><strong>coeperam</strong></span> 
     </span>
     <span class='ocr_line' id='line_1_7' title="bbox 263 1272 1530 1369; baseline 0.002 -33"><span class='ocrx_word' id='word_1_37' title='bbox 263 1292 294 1329; x_wconf 83' lang='grc' dir='ltr'><strong>ιο</strong></span> <span class='ocrx_word' id='word_1_38' title='bbox 306 1273 430 1355; x_wconf 87' lang='lat' dir='ltr'><strong>sliquid</strong></span> <span class='ocrx_word' id='word_1_39' title='bbox 453 1296 494 1338; x_wconf 88' lang='lat' dir='ltr'><strong>ex</strong></span> <span class='ocrx_word' id='word_1_40' title='bbox 518 1275 749 1355; x_wconf 74' lang='lat' dir='ltr'><strong>chrysostomo</strong></span> <span class='ocrx_word' id='word_1_41' title='bbox 772 1280 909 1347; x_wconf 70' lang='lat' dir='ltr'><strong>mttere,</strong></span> <span class='ocrx_word' id='word_1_42' title='bbox 933 1291 1035 1352; x_wconf 89' lang='lat' dir='ltr'><strong>quum</strong></span> <span class='ocrx_word' id='word_1_43' title='bbox 1057 1272 1189 1334; x_wconf 82' lang='lat' dir='ltr'><strong>iuterim</strong></span> <span class='ocrx_word' id='word_1_44' title='bbox 1212 1272 1338 1369; x_wconf 67' lang='lat' dir='ltr'><strong>ritrecs</strong></span> <span class='ocrx_word' id='word_1_45' title='bbox 1362 1273 1530 1339; x_wconf 75' lang='lat' dir='ltr'><strong>fcnestns</strong></span> 
     </span>
     <span class='ocr_line' id='line_1_8' title="bbox 305 1353 1527 1431; baseline 0.004 -15"><span class='ocrx_word' id='word_1_46' title='bbox 305 1355 416 1419; x_wconf 87' lang='lat' dir='ltr'><strong>feriret</strong></span> <span class='ocrx_word' id='word_1_47' title='bbox 431 1356 564 1431; x_wconf 91' lang='lat' dir='ltr'><strong>fulmen,</strong></span> <span class='ocrx_word' id='word_1_48' title='bbox 581 1356 639 1419; x_wconf 91' lang='lat' dir='ltr'><strong>sed</strong></span> <span class='ocrx_word' id='word_1_49' title='bbox 654 1358 793 1418; x_wconf 76' lang='lat' dir='ltr'><strong>tecitum</strong></span> <span class='ocrx_word' id='word_1_50' title='bbox 809 1375 848 1417; x_wconf 75' lang='lat' dir='ltr'><strong>eo</strong></span> <span class='ocrx_word' id='word_1_51' title='bbox 863 1354 945 1417; x_wconf 88' lang='lat' dir='ltr'><strong>lene.</strong></span> <span class='ocrx_word' id='word_1_52' title='bbox 983 1353 1128 1416; x_wconf 84' lang='lat' dir='ltr'><strong>Primum</strong></span> <span class='ocrx_word' id='word_1_53' title='bbox 1232 1353 1337 1417; x_wconf 70' lang='lat' dir='ltr'><strong>cobet</strong></span> <span class='ocrx_word' id='word_1_54' title='bbox 1352 1356 1527 1421; x_wconf 74' lang='lat' dir='ltr'><strong>oculorum</strong></span> 
     </span>
     <span class='ocr_line' id='line_1_9' title="bbox 305 1435 1527 1516; baseline 0.002 -16"><span class='ocrx_word' id='word_1_55' title='bbox 305 1458 374 1500; x_wconf 93' lang='lat' dir='ltr'><strong>esse</strong></span> <span class='ocrx_word' id='word_1_56' title='bbox 387 1458 537 1502; x_wconf 88' lang='lat' dir='ltr'><strong>errorem.</strong></span> <span class='ocrx_word' id='word_1_57' title='bbox 574 1435 910 1513; x_wconf 77' lang='lat' dir='ltr'><strong>Quumrursussemel</strong></span> <span class='ocrx_word' id='word_1_58' title='bbox 924 1442 1024 1516; x_wconf 78' lang='lat' dir='ltr'><strong>etque</strong></span> <span class='ocrx_word' id='word_1_59' title='bbox 1037 1435 1185 1498; x_wconf 87' lang='lat' dir='ltr'><strong>iterume</strong></span> <span class='ocrx_word' id='word_1_60' title='bbox 1262 1436 1270 1451; x_wconf 84' lang='lat'>&#39;</span> <span class='ocrx_word' id='word_1_61' title='bbox 1323 1442 1354 1511; x_wconf 84' lang='lat' dir='ltr'><strong>t,</strong></span> <span class='ocrx_word' id='word_1_62' title='bbox 1369 1437 1527 1514; x_wconf 84' lang='lat' dir='ltr'><strong>demiror,</strong></span> 
     </span>
     <span class='ocr_line' id='line_1_10' title="bbox 306 1516 1526 1601; baseline 0.003 -21"><span class='ocrx_word' id='word_1_63' title='bbox 306 1539 344 1580; x_wconf 83' lang='lat' dir='ltr'><strong>nc</strong></span> <span class='ocrx_word' id='word_1_64' title='bbox 362 1522 522 1601; x_wconf 71' lang='lat' dir='ltr'>prospicio</span> <span class='ocrx_word' id='word_1_65' title='bbox 539 1522 568 1583; x_wconf 87' lang='lat' dir='ltr'><strong>si</strong></span> <span class='ocrx_word' id='word_1_66' title='bbox 585 1541 619 1582; x_wconf 90' lang='lat' dir='ltr'><strong>se</strong></span> <span class='ocrx_word' id='word_1_67' title='bbox 638 1521 790 1581; x_wconf 83' lang='lat' dir='ltr'><strong>vertisset</strong></span> <span class='ocrx_word' id='word_1_68' title='bbox 806 1517 942 1591; x_wconf 74' lang='lat' dir='ltr'><strong>coelum</strong></span> <span class='ocrx_word' id='word_1_69' title='bbox 961 1518 1200 1597; x_wconf 61' lang='lat' dir='ltr'><strong>mouerimus</strong></span> <span class='ocrx_word' id='word_1_70' title='bbox 1212 1516 1360 1580; x_wconf 86' lang='lat' dir='ltr'><strong>nubibus</strong></span> <span class='ocrx_word' id='word_1_71' title='bbox 1373 1518 1526 1600; x_wconf 75' lang='lat' dir='ltr'><strong>pluuium</strong></span> 
     </span>
     <span class='ocr_line' id='line_1_11' title="bbox 305 1597 1525 1683; baseline 0.002 -21"><span class='ocrx_word' id='word_1_72' title='bbox 305 1621 343 1662; x_wconf 86' lang='lat' dir='ltr'><strong>so</strong></span> <span class='ocrx_word' id='word_1_73' title='bbox 367 1609 595 1683; x_wconf 79' lang='lat' dir='ltr'><strong>tempestctem</strong></span> <span class='ocrx_word' id='word_1_74' title='bbox 619 1602 806 1663; x_wconf 77' lang='lat' dir='ltr'><strong>minuetur.</strong></span> <span class='ocrx_word' id='word_1_75' title='bbox 852 1599 915 1662; x_wconf 91' lang='lat' dir='ltr'><strong>Vbi</strong></span> <span class='ocrx_word' id='word_1_76' title='bbox 938 1598 1019 1661; x_wconf 91' lang='lat' dir='ltr'><strong>nibil</strong></span> <span class='ocrx_word' id='word_1_77' title='bbox 1041 1597 1137 1660; x_wconf 84' lang='lat' dir='ltr'><strong>rideo</strong></span> <span class='ocrx_word' id='word_1_78' title='bbox 1160 1597 1304 1678; x_wconf 90' lang='lat' dir='ltr'><strong>periculi,</strong></span> <span class='ocrx_word' id='word_1_79' title='bbox 1330 1600 1379 1663; x_wconf 78' lang='lat' dir='ltr'><strong>ed</strong></span> <span class='ocrx_word' id='word_1_80' title='bbox 1400 1600 1525 1665; x_wconf 87' lang='lat' dir='ltr'><strong>librum</strong></span> 
     </span>
     <span class='ocr_line' id='line_1_12' title="bbox 261 1679 1523 1754; baseline 0.002 -9"><span class='ocrx_word' id='word_1_81' title='bbox 261 1698 289 1752; x_wconf 80' lang='grc' dir='ltr'><strong>ις</strong></span> <span class='ocrx_word' id='word_1_82' title='bbox 304 1683 410 1745; x_wconf 87' lang='lat' dir='ltr'><strong>redeo.</strong></span> <span class='ocrx_word' id='word_1_83' title='bbox 461 1684 538 1745; x_wconf 84' lang='lat' dir='ltr'><strong>Mox</strong></span> <span class='ocrx_word' id='word_1_84' title='bbox 570 1682 703 1746; x_wconf 79' lang='lat' dir='ltr'><strong>cuditur</strong></span> <span class='ocrx_word' id='word_1_85' title='bbox 733 1684 869 1754; x_wconf 89' lang='lat' dir='ltr'><strong>sonitus,</strong></span> <span class='ocrx_word' id='word_1_86' title='bbox 900 1680 958 1743; x_wconf 91' lang='lat' dir='ltr'><strong>sed</strong></span> <span class='ocrx_word' id='word_1_87' title='bbox 986 1679 1142 1742; x_wconf 89' lang='lat' dir='ltr'><strong>obtusior.</strong></span> <span class='ocrx_word' id='word_1_88' title='bbox 1192 1679 1245 1741; x_wconf 90' lang='lat' dir='ltr'><strong>Ad</strong></span> <span class='ocrx_word' id='word_1_89' title='bbox 1274 1700 1353 1743; x_wconf 91' lang='lat' dir='ltr'><strong>eum</strong></span> <span class='ocrx_word' id='word_1_90' title='bbox 1384 1683 1523 1747; x_wconf 86' lang='lat' dir='ltr'><strong>modum</strong></span> 
     </span>
     <span class='ocr_line' id='line_1_13' title="bbox 365 1761 1523 1858; baseline 0.002 -31"><span class='ocrx_word' id='word_1_91' title='bbox 365 1772 420 1827; x_wconf 78' lang='lat' dir='ltr'><strong>tce</strong></span> <span class='ocrx_word' id='word_1_92' title='bbox 443 1771 578 1826; x_wconf 67' lang='lat' dir='ltr'><strong>nonunt</strong></span> <span class='ocrx_word' id='word_1_93' title='bbox 602 1764 714 1826; x_wconf 89' lang='lat' dir='ltr'><strong>Iouem</strong></span> <span class='ocrx_word' id='word_1_94' title='bbox 738 1763 858 1835; x_wconf 90' lang='lat' dir='ltr'><strong>ludere,</strong></span> <span class='ocrx_word' id='word_1_95' title='bbox 882 1764 911 1825; x_wconf 92' lang='lat' dir='ltr'><strong>si</strong></span> <span class='ocrx_word' id='word_1_96' title='bbox 935 1761 1066 1858; x_wconf 63' lang='lat' dir='ltr'><strong>quanio</strong></span> <span class='ocrx_word' id='word_1_97' title='bbox 1089 1767 1142 1824; x_wconf 88' lang='lat' dir='ltr'><strong>est</strong></span> <span class='ocrx_word' id='word_1_98' title='bbox 1164 1761 1316 1836; x_wconf 65' lang='lat' dir='ltr'><strong>hilarion</strong></span> <span class='ocrx_word' id='word_1_99' title='bbox 1356 1764 1523 1844; x_wconf 87' lang='lat' dir='ltr'><strong>siquidem</strong></span> 
     </span>
    </p>

    <p class='ocr_par' dir='ltr' id='par_1_4' title="bbox 256 2006 1522 2231">
     <span class='ocr_line' id='line_1_14' title="bbox 303 2006 1522 2091; baseline 0.006 -24"><span class='ocrx_word' id='word_1_100' title='bbox 303 2006 317 2067; x_wconf 92' lang='lat' dir='ltr'><strong>f</strong></span> <span class='ocrx_word' id='word_1_101' title='bbox 391 2010 445 2081; x_wconf 87' lang='lat' dir='ltr'><strong>ris,</strong></span> <span class='ocrx_word' id='word_1_102' title='bbox 473 2015 509 2070; x_wconf 91' lang='lat' dir='ltr'><strong>et</strong></span> <span class='ocrx_word' id='word_1_103' title='bbox 535 2008 633 2071; x_wconf 88' lang='lat' dir='ltr'><strong>sudio</strong></span> <span class='ocrx_word' id='word_1_104' title='bbox 750 2028 818 2070; x_wconf 82' lang='lat' dir='ltr'><strong>rem</strong></span> <span class='ocrx_word' id='word_1_105' title='bbox 846 2007 1041 2080; x_wconf 83' lang='lat' dir='ltr'>horribilem,</span> <span class='ocrx_word' id='word_1_106' title='bbox 1070 2006 1249 2069; x_wconf 78' lang='lat' dir='ltr'><strong>cuiusmodi</strong></span> <span class='ocrx_word' id='word_1_107' title='bbox 1275 2007 1345 2071; x_wconf 87' lang='lat' dir='ltr'><strong>fere</strong></span> <span class='ocrx_word' id='word_1_108' title='bbox 1374 2012 1522 2091; x_wconf 73' lang='lat' dir='ltr'><strong>crepitus</strong></span> 
     </span>
     <span class='ocr_line' id='line_1_15' title="bbox 256 2088 1522 2231; baseline 0.009 -86"><span class='ocrx_word' id='word_1_109' title='bbox 256 2105 291 2145; x_wconf 78' lang='lat' dir='ltr'><strong>rc</strong></span> <span class='ocrx_word' id='word_1_110' title='bbox 300 2090 384 2231; x_wconf 37' lang='lat'>:31¹4</span> <span class='ocrx_word' id='word_1_111' title='bbox 398 2090 405 2102; x_wconf 87' lang='lat'>&#39;</span> <span class='ocrx_word' id='word_1_112' title='bbox 420 2088 512 2163; x_wconf 89' lang='lat' dir='ltr'><strong>solet,</strong></span> <span class='ocrx_word' id='word_1_113' title='bbox 525 2091 553 2151; x_wconf 93' lang='lat' dir='ltr'><strong>si</strong></span> <span class='ocrx_word' id='word_1_114' title='bbox 565 2089 697 2170; x_wconf 72' lang='lat' dir='ltr'><strong>quando</strong></span> <span class='ocrx_word' id='word_1_115' title='bbox 792 2092 799 2104; x_wconf 89' lang='lat'>&#39;</span> <span class='ocrx_word' id='word_1_116' title='bbox 827 2090 834 2105; x_wconf 82' lang='lat'>&#39;</span> <span class='ocrx_word' id='word_1_117' title='bbox 864 2092 949 2151; x_wconf 89' lang='lat' dir='ltr'><strong>ictus</strong></span> <span class='ocrx_word' id='word_1_118' title='bbox 960 2090 1096 2170; x_wconf 78' lang='lat' dir='ltr'><strong>impegit</strong></span> <span class='ocrx_word' id='word_1_119' title='bbox 1107 2088 1330 2152; x_wconf 85' lang='lat' dir='ltr'><strong>vehementius</strong></span> <span class='ocrx_word' id='word_1_120' title='bbox 1342 2091 1381 2153; x_wconf 92' lang='lat' dir='ltr'><strong>in</strong></span> <span class='ocrx_word' id='word_1_121' title='bbox 1393 2092 1522 2174; x_wconf 67' lang='lat' dir='ltr'><strong>aliquid</strong></span> 
     </span>
    </p>

    <p class='ocr_par' dir='ltr' id='par_1_5' title="bbox 384 2189 450 2232">
     <span class='ocr_line' id='line_1_16' title="bbox 384 2189 450 2232; baseline 0 0"><span class='ocrx_word' id='word_1_122' title='bbox 384 2189 450 2232; x_wconf 93' lang='lat' dir='ltr'><strong>um.</strong></span> 
     </span>
    </p>

    <p class='ocr_par' dir='ltr' id='par_1_6' title="bbox 301 2250 1520 2505">
     <span class='ocr_line' id='line_1_17' title="bbox 343 2250 1520 2337; baseline 0.01 -25"><span class='ocrx_word' id='word_1_123' title='bbox 343 2250 474 2313; x_wconf 80' lang='lat' dir='ltr'><strong>Etenim</strong></span> <span class='ocrx_word' id='word_1_124' title='bbox 487 2272 588 2332; x_wconf 91' lang='lat' dir='ltr'><strong>quum</strong></span> <span class='ocrx_word' id='word_1_125' title='bbox 602 2272 728 2334; x_wconf 76' lang='lat' dir='ltr'><strong>sperem</strong></span> <span class='ocrx_word' id='word_1_126' title='bbox 742 2253 924 2316; x_wconf 70' lang='lat' dir='ltr'><strong>Florentiae</strong></span> <span class='ocrx_word' id='word_1_127' title='bbox 937 2272 976 2314; x_wconf 90' lang='lat' dir='ltr'><strong>eo</strong></span> <span class='ocrx_word' id='word_1_128' title='bbox 989 2259 1134 2333; x_wconf 88' lang='lat' dir='ltr'><strong>tempore</strong></span> <span class='ocrx_word' id='word_1_129' title='bbox 1152 2272 1218 2333; x_wconf 90' lang='lat' dir='ltr'><strong>quo</strong></span> <span class='ocrx_word' id='word_1_130' title='bbox 1232 2253 1334 2317; x_wconf 92' lang='lat' dir='ltr'><strong>Iulius</strong></span> <span class='ocrx_word' id='word_1_131' title='bbox 1348 2255 1520 2337; x_wconf 75' lang='lat' dir='ltr'><strong>Pontifex,</strong></span> 
     </span>
     <span class='ocr_line' id='line_1_18' title="bbox 302 2333 1520 2424; baseline -0.002 -29"><span class='ocrx_word' id='word_1_132' title='bbox 302 2339 447 2395; x_wconf 89' lang='lat' dir='ltr'><strong>terrenus</strong></span> <span class='ocrx_word' id='word_1_133' title='bbox 461 2334 619 2415; x_wconf 79' lang='lat' dir='ltr'><strong>Iuppiter,</strong></span> <span class='ocrx_word' id='word_1_134' title='bbox 633 2334 773 2397; x_wconf 89' lang='lat' dir='ltr'><strong>tonsbst</strong></span> <span class='ocrx_word' id='word_1_135' title='bbox 786 2355 823 2396; x_wconf 88' lang='lat' dir='ltr'><strong>sc</strong></span> <span class='ocrx_word' id='word_1_136' title='bbox 837 2333 1034 2396; x_wconf 72' lang='lat' dir='ltr'><strong>fulminabat</strong></span> <span class='ocrx_word' id='word_1_137' title='bbox 1048 2333 1202 2397; x_wconf 84' lang='lat' dir='ltr'><strong>eduersus</strong></span> <span class='ocrx_word' id='word_1_138' title='bbox 1216 2334 1412 2413; x_wconf 68' lang='lat' dir='ltr'><strong>Bononiam,</strong></span> <span class='ocrx_word' id='word_1_139' title='bbox 1427 2361 1520 2424; x_wconf 68' lang='lat' dir='ltr'><strong>mag.</strong></span> 
     </span>
     <span class='ocr_line' id='line_1_19' title="bbox 301 2415 1519 2505; baseline 0.004 -29"><span class='ocrx_word' id='word_1_140' title='bbox 301 2433 378 2476; x_wconf 83' lang='lat' dir='ltr'><strong>nem</strong></span> <span class='ocrx_word' id='word_1_141' title='bbox 396 2415 460 2479; x_wconf 89' lang='lat' dir='ltr'><strong>diei</strong></span> <span class='ocrx_word' id='word_1_142' title='bbox 478 2424 604 2496; x_wconf 79' lang='lat' dir='ltr'><strong>purtem</strong></span> <span class='ocrx_word' id='word_1_143' title='bbox 621 2423 656 2478; x_wconf 88' lang='lat' dir='ltr'><strong>et</strong></span> <span class='ocrx_word' id='word_1_144' title='bbox 672 2415 812 2479; x_wconf 88' lang='lat' dir='ltr'><strong>tonsbst</strong></span> <span class='ocrx_word' id='word_1_145' title='bbox 828 2417 1036 2478; x_wconf 86' lang='lat' dir='ltr'><strong>vehementer</strong></span> <span class='ocrx_word' id='word_1_146' title='bbox 1052 2423 1088 2478; x_wconf 88' lang='lat' dir='ltr'><strong>et</strong></span> <span class='ocrx_word' id='word_1_147' title='bbox 1103 2415 1310 2491; x_wconf 72' lang='lat' dir='ltr'><strong>fulminabat,</strong></span> <span class='ocrx_word' id='word_1_148' title='bbox 1328 2438 1519 2505; x_wconf 68' lang='lat' dir='ltr'><strong>magnaque</strong></span> 
     </span>
    </p>

    <p class='ocr_par' dir='ltr' id='par_1_7' title="bbox 254 2496 1517 2907">
     <span class='ocr_line' id='line_1_20' title="bbox 254 2496 1517 2580; baseline 0.007 -22"><span class='ocrx_word' id='word_1_149' title='bbox 254 2512 287 2567; x_wconf 67' lang='grc' dir='ltr'><strong>ες</strong></span> <span class='ocrx_word' id='word_1_150' title='bbox 302 2498 352 2558; x_wconf 86' lang='lat' dir='ltr'><strong>vis</strong></span> <span class='ocrx_word' id='word_1_151' title='bbox 368 2496 554 2578; x_wconf 79' lang='lat' dir='ltr'><strong>hymbrium</strong></span> <span class='ocrx_word' id='word_1_152' title='bbox 571 2497 698 2560; x_wconf 84' lang='lat' dir='ltr'><strong>ruebct.</strong></span> <span class='ocrx_word' id='word_1_153' title='bbox 738 2498 778 2560; x_wconf 92' lang='lat' dir='ltr'><strong>In</strong></span> <span class='ocrx_word' id='word_1_154' title='bbox 795 2518 921 2560; x_wconf 90' lang='lat' dir='ltr'><strong>secessu</strong></span> <span class='ocrx_word' id='word_1_155' title='bbox 938 2497 1051 2560; x_wconf 90' lang='lat' dir='ltr'><strong>sedens</strong></span> <span class='ocrx_word' id='word_1_156' title='bbox 1070 2496 1113 2559; x_wconf 85' lang='lat' dir='ltr'><strong>ed</strong></span> <span class='ocrx_word' id='word_1_157' title='bbox 1129 2499 1370 2563; x_wconf 79' lang='lat' dir='ltr'><strong>exonercudcm</strong></span> <span class='ocrx_word' id='word_1_158' title='bbox 1388 2503 1517 2580; x_wconf 69' lang='lat' dir='ltr'><strong>aluum,</strong></span> 
     </span>
     <span class='ocr_line' id='line_1_21' title="bbox 301 2580 1517 2661; baseline 0.008 -20"><span class='ocrx_word' id='word_1_159' title='bbox 301 2597 403 2658; x_wconf 87' lang='lat' dir='ltr'><strong>quum</strong></span> <span class='ocrx_word' id='word_1_160' title='bbox 432 2580 592 2642; x_wconf 90' lang='lat' dir='ltr'><strong>horribilis</strong></span> <span class='ocrx_word' id='word_1_161' title='bbox 622 2580 730 2661; x_wconf 81' lang='lat' dir='ltr'><strong>fregor</strong></span> <span class='ocrx_word' id='word_1_162' title='bbox 758 2581 963 2652; x_wconf 75' lang='lat' dir='ltr'><strong>insonuisset,</strong></span> <span class='ocrx_word' id='word_1_163' title='bbox 994 2580 1126 2642; x_wconf 88' lang='lat' dir='ltr'><strong>territus</strong></span> <span class='ocrx_word' id='word_1_164' title='bbox 1155 2580 1297 2643; x_wconf 87' lang='lat' dir='ltr'><strong>subduxi</strong></span> <span class='ocrx_word' id='word_1_165' title='bbox 1326 2602 1382 2645; x_wconf 93' lang='lat' dir='ltr'><strong>me</strong></span> <span class='ocrx_word' id='word_1_166' title='bbox 1405 2592 1443 2648; x_wconf 89' lang='lat' dir='ltr'><strong>et</strong></span> <span class='ocrx_word' id='word_1_167' title='bbox 1473 2588 1517 2651; x_wconf 82' lang='lat' dir='ltr'><strong>ed</strong></span> 
     </span>
     <span class='ocr_line' id='line_1_22' title="bbox 301 2660 1517 2749; baseline 0.005 -26"><span class='ocrx_word' id='word_1_168' title='bbox 301 2668 444 2724; x_wconf 80' lang='lat' dir='ltr'><strong>caeteros</strong></span> <span class='ocrx_word' id='word_1_169' title='bbox 462 2662 552 2725; x_wconf 89' lang='lat' dir='ltr'><strong>redii.</strong></span> <span class='ocrx_word' id='word_1_170' title='bbox 598 2661 687 2724; x_wconf 84' lang='lat' dir='ltr'><strong>‘Aut</strong></span> <span class='ocrx_word' id='word_1_171' title='bbox 706 2681 757 2725; x_wconf 92' lang='lat' dir='ltr'><strong>me</strong></span> <span class='ocrx_word' id='word_1_172' title='bbox 775 2661 871 2741; x_wconf 83' lang='lat' dir='ltr'><strong>plene</strong></span> <span class='ocrx_word' id='word_1_173' title='bbox 889 2660 997 2722; x_wconf 81' lang='lat' dir='ltr'><strong>fellit&#39;</strong></span> <span class='ocrx_word' id='word_1_174' title='bbox 1017 2662 1151 2741; x_wconf 73' lang='lat' dir='ltr'><strong>inquom</strong></span> <span class='ocrx_word' id='word_1_175' title='bbox 1174 2662 1332 2737; x_wconf 68' lang='lat' dir='ltr'><strong>‘suimus</strong></span> <span class='ocrx_word' id='word_1_176' title='bbox 1355 2673 1418 2729; x_wconf 82' lang='lat' dir='ltr'><strong>eut</strong></span> <span class='ocrx_word' id='word_1_177' title='bbox 1438 2677 1517 2749; x_wconf 82' lang='lat' dir='ltr'><strong>post</strong></span> 
     </span>
     <span class='ocr_line' id='line_1_23' title="bbox 300 2741 1516 2824; baseline 0.009 -21"><span class='ocrx_word' id='word_1_178' title='bbox 300 2741 386 2805; x_wconf 86' lang='lat' dir='ltr'><strong>h&#39;unc</strong></span> <span class='ocrx_word' id='word_1_179' title='bbox 404 2744 562 2824; x_wconf 86' lang='lat' dir='ltr'><strong>crepitum</strong></span> <span class='ocrx_word' id='word_1_180' title='bbox 581 2744 719 2806; x_wconf 74' lang='lat' dir='ltr'><strong>audietis</strong></span> <span class='ocrx_word' id='word_1_181' title='bbox 737 2742 860 2823; x_wconf 69' lang='lat' dir='ltr'><strong>aliquid</strong></span> <span class='ocrx_word' id='word_1_182' title='bbox 877 2761 992 2822; x_wconf 83' lang='lat' dir='ltr'><strong>pemm</strong></span> <span class='ocrx_word' id='word_1_183' title='bbox 1010 2742 1089 2804; x_wconf 78' lang='lat' dir='ltr'><strong>lecti</strong></span> <span class='ocrx_word' id='word_1_184' title='bbox 1106 2745 1216 2806; x_wconf 88' lang='lat' dir='ltr'><strong>nuncii</strong></span> <span class='ocrx_word' id='word_1_185' title='bbox 1229 2743 1248 2806; x_wconf 87' lang='lat'><strong>&#39;.</strong></span> <span class='ocrx_word' id='word_1_186' title='bbox 1288 2745 1334 2807; x_wconf 78' lang='lat' dir='ltr'><strong>Et</strong></span> <span class='ocrx_word' id='word_1_187' title='bbox 1351 2766 1429 2810; x_wconf 90' lang='lat' dir='ltr'><strong>ecce</strong></span> <span class='ocrx_word' id='word_1_188' title='bbox 1447 2770 1516 2814; x_wconf 88' lang='lat' dir='ltr'><strong>non</strong></span> 
     </span>
     <span class='ocr_line' id='line_1_24' title="bbox 299 2824 1517 2907; baseline 0.007 -23"><span class='ocrx_word' id='word_1_189' title='bbox 299 2824 349 2885; x_wconf 87' lang='lat' dir='ltr'><strong>ite</strong></span> <span class='ocrx_word' id='word_1_190' title='bbox 365 2825 470 2887; x_wconf 88' lang='lat' dir='ltr'><strong>multo</strong></span> <span class='ocrx_word' id='word_1_191' title='bbox 487 2833 572 2905; x_wconf 92' lang='lat' dir='ltr'><strong>post,</strong></span> <span class='ocrx_word' id='word_1_192' title='bbox 592 2827 683 2887; x_wconf 89' lang='lat' dir='ltr'><strong>venit</strong></span> <span class='ocrx_word' id='word_1_193' title='bbox 700 2825 865 2905; x_wconf 80' lang='lat' dir='ltr'><strong>chirurgus</strong></span> <span class='ocrx_word' id='word_1_194' title='bbox 882 2825 1040 2886; x_wconf 74' lang='lat' dir='ltr'><strong>nuncians</strong></span> <span class='ocrx_word' id='word_1_195' title='bbox 1057 2826 1092 2886; x_wconf 92' lang='lat' dir='ltr'><strong>in</strong></span> <span class='ocrx_word' id='word_1_196' title='bbox 1110 2825 1244 2906; x_wconf 83' lang='lat' dir='ltr'><strong>collegio</strong></span> <span class='ocrx_word' id='word_1_197' title='bbox 1261 2827 1427 2907; x_wconf 78' lang='lat' dir='ltr'><strong>virginum</strong></span> <span class='ocrx_word' id='word_1_198' title='bbox 1446 2838 1517 2896; x_wconf 80' lang='lat' dir='ltr'><strong>tres</strong></span> 
     </span>
    </p>

    <p class='ocr_par' dir='ltr' id='par_1_8' title="bbox 253 2906 1515 3068">
     <span class='ocr_line' id='line_1_25' title="bbox 253 2906 1515 2989; baseline 0.006 -23"><span class='ocrx_word' id='word_1_199' title='bbox 253 2924 288 2974; x_wconf 75' lang='lat'><strong>30</strong></span> <span class='ocrx_word' id='word_1_200' title='bbox 299 2906 403 2978; x_wconf 80' lang='lat' dir='ltr'><strong>ictes3</strong></span> <span class='ocrx_word' id='word_1_201' title='bbox 457 2925 595 2987; x_wconf 79' lang='lat' dir='ltr'><strong>querum</strong></span> <span class='ocrx_word' id='word_1_202' title='bbox 626 2927 693 2969; x_wconf 83' lang='lat' dir='ltr'><strong>vno</strong></span> <span class='ocrx_word' id='word_1_203' title='bbox 723 2926 799 2968; x_wconf 87' lang='lat' dir='ltr'><strong>mox</strong></span> <span class='ocrx_word' id='word_1_204' title='bbox 830 2906 1018 2968; x_wconf 70' lang='lat' dir='ltr'><strong>exanimata</strong></span> <span class='ocrx_word' id='word_1_205' title='bbox 1047 2913 1108 2978; x_wconf 89' lang='lat' dir='ltr'><strong>est,</strong></span> <span class='ocrx_word' id='word_1_206' title='bbox 1140 2906 1244 2969; x_wconf 80' lang='lat' dir='ltr'><strong>ultore</strong></span> <span class='ocrx_word' id='word_1_207' title='bbox 1273 2912 1515 2989; x_wconf 80' lang='lat' dir='ltr'><strong>propemodum</strong></span> 
     </span>
     <span class='ocr_line' id='line_1_26' title="bbox 299 2988 1284 3068; baseline 0.003 -20"><span class='ocrx_word' id='word_1_208' title='bbox 299 2988 455 3061; x_wconf 82' lang='lat' dir='ltr'><strong>extincte,</strong></span> <span class='ocrx_word' id='word_1_209' title='bbox 472 2991 571 3049; x_wconf 86' lang='lat' dir='ltr'><strong>tertie</strong></span> <span class='ocrx_word' id='word_1_210' title='bbox 587 2990 633 3050; x_wconf 87' lang='lat' dir='ltr'><strong>sic</strong></span> <span class='ocrx_word' id='word_1_211' title='bbox 651 2989 772 3050; x_wconf 79' lang='lat' dir='ltr'><strong>efflicte</strong></span> <span class='ocrx_word' id='word_1_212' title='bbox 788 2995 827 3049; x_wconf 86' lang='lat' dir='ltr'><strong>vt</strong></span> <span class='ocrx_word' id='word_1_213' title='bbox 843 2994 977 3067; x_wconf 76' lang='lat' dir='ltr'><strong>negaret</strong></span> <span class='ocrx_word' id='word_1_214' title='bbox 993 3008 1062 3050; x_wconf 92' lang='lat' dir='ltr'><strong>esse</strong></span> <span class='ocrx_word' id='word_1_215' title='bbox 1078 3006 1169 3068; x_wconf 87' lang='lat' dir='ltr'><strong>spem</strong></span> <span class='ocrx_word' id='word_1_216' title='bbox 1186 2990 1284 3051; x_wconf 73' lang='lat' dir='ltr'><strong>vitoe.</strong></span> 
     </span>
    </p>

    <p class='ocr_par' dir='ltr' id='par_1_9' title="bbox 297 3068 1517 3313">
     <span class='ocr_line' id='line_1_27' title="bbox 339 3068 1517 3152; baseline 0.01 -23"><span class='ocrx_word' id='word_1_217' title='bbox 339 3068 391 3130; x_wconf 91' lang='lat' dir='ltr'><strong>Ad</strong></span> <span class='ocrx_word' id='word_1_218' title='bbox 413 3068 549 3130; x_wconf 78' lang='lat' dir='ltr'><strong>similem</strong></span> <span class='ocrx_word' id='word_1_219' title='bbox 571 3070 683 3148; x_wconf 81' lang='lat' dir='ltr'><strong>ithuc</strong></span> <span class='ocrx_word' id='word_1_220' title='bbox 706 3072 848 3132; x_wconf 87' lang='lat' dir='ltr'><strong>sonitum</strong></span> <span class='ocrx_word' id='word_1_221' title='bbox 870 3070 994 3130; x_wconf 86' lang='lat' dir='ltr'><strong>surrexi</strong></span> <span class='ocrx_word' id='word_1_222' title='bbox 1016 3075 1051 3131; x_wconf 88' lang='lat' dir='ltr'><strong>et</strong></span> <span class='ocrx_word' id='word_1_223' title='bbox 1073 3071 1232 3150; x_wconf 81' lang='lat' dir='ltr'><strong>prospicio</strong></span> <span class='ocrx_word' id='word_1_224' title='bbox 1255 3090 1339 3152; x_wconf 86' lang='lat' dir='ltr'><strong>quee</strong></span> <span class='ocrx_word' id='word_1_225' title='bbox 1360 3073 1409 3136; x_wconf 89' lang='lat' dir='ltr'><strong>sit</strong></span> <span class='ocrx_word' id='word_1_226' title='bbox 1430 3077 1517 3141; x_wconf 89' lang='lat' dir='ltr'><strong>coeli</strong></span> 
     </span>
     <span class='ocr_line' id='line_1_28' title="bbox 298 3148 1515 3234; baseline 0.007 -25"><span class='ocrx_word' id='word_1_227' title='bbox 298 3148 406 3210; x_wconf 86' lang='lat' dir='ltr'><strong>fecies.</strong></span> <span class='ocrx_word' id='word_1_228' title='bbox 461 3149 514 3210; x_wconf 91' lang='lat' dir='ltr'><strong>Ad</strong></span> <span class='ocrx_word' id='word_1_229' title='bbox 532 3150 659 3212; x_wconf 83' lang='lat' dir='ltr'><strong>lceuem</strong></span> <span class='ocrx_word' id='word_1_230' title='bbox 679 3158 750 3212; x_wconf 78' lang='lat' dir='ltr'><strong>eret</strong></span> <span class='ocrx_word' id='word_1_231' title='bbox 769 3153 934 3224; x_wconf 79' lang='lat' dir='ltr'><strong>serenitas,</strong></span> <span class='ocrx_word' id='word_1_232' title='bbox 955 3150 997 3212; x_wconf 84' lang='lat' dir='ltr'><strong>ed</strong></span> <span class='ocrx_word' id='word_1_233' title='bbox 1018 3151 1186 3214; x_wconf 70' lang='lat' dir='ltr'><strong>dexteram</strong></span> <span class='ocrx_word' id='word_1_234' title='bbox 1205 3153 1368 3234; x_wconf 79' lang='lat' dir='ltr'><strong>conspicio</strong></span> <span class='ocrx_word' id='word_1_235' title='bbox 1388 3175 1515 3223; x_wconf 75' lang='lat' dir='ltr'><strong>nouem</strong></span> 
     </span>
     <span class='ocr_line' id='line_1_29' title="bbox 297 3230 1516 3313; baseline 0.007 -23"><span class='ocrx_word' id='word_1_236' title='bbox 297 3230 393 3290; x_wconf 91' lang='lat' dir='ltr'><strong>nubis</strong></span> <span class='ocrx_word' id='word_1_237' title='bbox 408 3232 556 3309; x_wconf 87' lang='lat' dir='ltr'><strong>speciem,</strong></span> <span class='ocrx_word' id='word_1_238' title='bbox 572 3231 696 3294; x_wconf 84' lang='lat' dir='ltr'><strong>veluto</strong></span> <span class='ocrx_word' id='word_1_239' title='bbox 711 3238 880 3294; x_wconf 88' lang='lat' dir='ltr'><strong>terrssese</strong></span> <span class='ocrx_word' id='word_1_240' title='bbox 896 3232 1087 3313; x_wconf 89' lang='lat' dir='ltr'><strong>proferentis</strong></span> <span class='ocrx_word' id='word_1_241' title='bbox 1102 3234 1137 3295; x_wconf 92' lang='lat' dir='ltr'><strong>in</strong></span> <span class='ocrx_word' id='word_1_242' title='bbox 1151 3234 1298 3309; x_wconf 87' lang='lat' dir='ltr'><strong>sublime,</strong></span> <span class='ocrx_word' id='word_1_243' title='bbox 1315 3234 1423 3301; x_wconf 81' lang='lat' dir='ltr'><strong>colore</strong></span> <span class='ocrx_word' id='word_1_244' title='bbox 1503 3278 1516 3292; x_wconf 87' lang='lat'><strong>·</strong></span> 
     </span>
    </p>

    <p class='ocr_par' dir='ltr' id='par_1_10' title="bbox 251 3310 1514 3386">
     <span class='ocr_line' id='line_1_30' title="bbox 251 3310 1514 3386; baseline 0.014 -18"><span class='ocrx_word' id='word_1_245' title='bbox 251 3328 283 3382; x_wconf 77' lang='lat'><strong>³5</strong></span> <span class='ocrx_word' id='word_1_246' title='bbox 339 3310 471 3372; x_wconf 89' lang='lat' dir='ltr'><strong>modum</strong></span> <span class='ocrx_word' id='word_1_247' title='bbox 487 3311 645 3385; x_wconf 91' lang='lat' dir='ltr'><strong>cinericic,</strong></span> <span class='ocrx_word' id='word_1_248' title='bbox 662 3314 753 3375; x_wconf 88' lang='lat' dir='ltr'><strong>cuius</strong></span> <span class='ocrx_word' id='word_1_249' title='bbox 769 3332 924 3376; x_wconf 78' lang='lat' dir='ltr'><strong>cacumen</strong></span> <span class='ocrx_word' id='word_1_250' title='bbox 939 3314 1031 3376; x_wconf 89' lang='lat' dir='ltr'><strong>velut</strong></span> <span class='ocrx_word' id='word_1_251' title='bbox 1044 3314 1200 3378; x_wconf 86' lang='lat' dir='ltr'><strong>inflexum</strong></span> <span class='ocrx_word' id='word_1_252' title='bbox 1214 3336 1284 3379; x_wconf 88' lang='lat' dir='ltr'><strong>sese</strong></span> <span class='ocrx_word' id='word_1_253' title='bbox 1299 3316 1440 3383; x_wconf 86' lang='lat' dir='ltr'><strong>demitte</strong></span> <span class='ocrx_word' id='word_1_254' title='bbox 1486 3330 1514 3386; x_wconf 88' lang='lat' dir='ltr'><strong>t.</strong></span> 
     </span>
    </p>

    <p class='ocr_par' dir='ltr' id='par_1_11' title="bbox 296 3391 1514 3726">
     <span class='ocr_line' id='line_1_31' title="bbox 332 3391 1514 3474; baseline 0.013 -22"><span class='ocrx_word' id='word_1_255' title='bbox 332 3391 338 3405; x_wconf 90' lang='lat'>&#39;</span> <span class='ocrx_word' id='word_1_256' title='bbox 365 3392 372 3405; x_wconf 88' lang='lat'>&#39;</span> <span class='ocrx_word' id='word_1_257' title='bbox 469 3391 637 3473; x_wconf 88' lang='lat' dir='ltr'><strong>scopulum</strong></span> <span class='ocrx_word' id='word_1_258' title='bbox 666 3396 852 3474; x_wconf 80' lang='lat' dir='ltr'><strong>quempiam</strong></span> <span class='ocrx_word' id='word_1_259' title='bbox 881 3415 961 3469; x_wconf 86' lang='lat' dir='ltr'><strong>esse,</strong></span> <span class='ocrx_word' id='word_1_260' title='bbox 991 3398 1112 3459; x_wconf 88' lang='lat' dir='ltr'><strong>vertice</strong></span> <span class='ocrx_word' id='word_1_261' title='bbox 1141 3404 1314 3460; x_wconf 75' lang='lat' dir='ltr'><strong>nutantem</strong></span> <span class='ocrx_word' id='word_1_262' title='bbox 1343 3400 1378 3461; x_wconf 93' lang='lat' dir='ltr'><strong>in</strong></span> <span class='ocrx_word' id='word_1_263' title='bbox 1409 3422 1514 3468; x_wconf 75' lang='lat' dir='ltr'><strong>mere.</strong></span> 
     </span>
     <span class='ocr_line' id='line_1_32' title="bbox 298 3472 1513 3554; baseline 0.007 -20"><span class='ocrx_word' id='word_1_264' title='bbox 298 3472 369 3547; x_wconf 81' lang='lat' dir='ltr'><strong>Quo</strong></span> <span class='ocrx_word' id='word_1_265' title='bbox 383 3474 583 3554; x_wconf 82' lang='lat' dir='ltr'><strong>contemplor</strong></span> <span class='ocrx_word' id='word_1_266' title='bbox 596 3477 766 3549; x_wconf 73' lang='lat' dir='ltr'><strong>attentius,</strong></span> <span class='ocrx_word' id='word_1_267' title='bbox 781 3476 842 3538; x_wconf 90' lang='lat' dir='ltr'><strong>hcc</strong></span> <span class='ocrx_word' id='word_1_268' title='bbox 856 3478 963 3539; x_wconf 88' lang='lat' dir='ltr'><strong>minus</strong></span> <span class='ocrx_word' id='word_1_269' title='bbox 977 3477 1151 3541; x_wconf 73' lang='lat' dir='ltr'><strong>videbatur</strong></span> <span class='ocrx_word' id='word_1_270' title='bbox 1163 3479 1244 3541; x_wconf 91' lang='lat' dir='ltr'><strong>nubi</strong></span> <span class='ocrx_word' id='word_1_271' title='bbox 1257 3479 1382 3543; x_wconf 90' lang='lat' dir='ltr'><strong>similis.</strong></span> <span class='ocrx_word' id='word_1_272' title='bbox 1420 3482 1513 3549; x_wconf 84' lang='lat' dir='ltr'><strong>Dum</strong></span> 
     </span>
     <span class='ocr_line' id='line_1_33' title="bbox 297 3553 1513 3643; baseline 0.012 -27"><span class='ocrx_word' id='word_1_273' title='bbox 297 3553 340 3616; x_wconf 86' lang='lat' dir='ltr'><strong>cd</strong></span> <span class='ocrx_word' id='word_1_274' title='bbox 360 3554 421 3618; x_wconf 88' lang='lat' dir='ltr'><strong>hoo</strong></span> <span class='ocrx_word' id='word_1_275' title='bbox 441 3556 660 3637; x_wconf 74' lang='lat' dir='ltr'><strong>spectaculum</strong></span> <span class='ocrx_word' id='word_1_276' title='bbox 681 3564 807 3638; x_wconf 87' lang='lat' dir='ltr'><strong>stupeo,</strong></span> <span class='ocrx_word' id='word_1_277' title='bbox 829 3560 969 3621; x_wconf 81' lang='lat' dir='ltr'><strong>occurrit</strong></span> <span class='ocrx_word' id='word_1_278' title='bbox 986 3558 1181 3622; x_wconf 72' lang='lat' dir='ltr'><strong>{emulorum</strong></span> <span class='ocrx_word' id='word_1_279' title='bbox 1199 3580 1284 3624; x_wconf 83' lang='lat' dir='ltr'><strong>vnus</strong></span> <span class='ocrx_word' id='word_1_280' title='bbox 1301 3582 1401 3643; x_wconf 87' lang='lat' dir='ltr'><strong>quem</strong></span> <span class='ocrx_word' id='word_1_281' title='bbox 1419 3565 1513 3632; x_wconf 89' lang='lat' dir='ltr'><strong>domi</strong></span> 
     </span>
     <span class='ocr_line' id='line_1_34' title="bbox 296 3637 1513 3726; baseline 0.008 -26"><span class='ocrx_word' id='word_1_282' title='bbox 296 3637 497 3717; x_wconf 74' lang='lat' dir='ltr'><strong>reliqueram,</strong></span> <span class='ocrx_word' id='word_1_283' title='bbox 523 3638 667 3713; x_wconf 70' lang='lat' dir='ltr'><strong>minus,</strong></span> <span class='ocrx_word' id='word_1_284' title='bbox 694 3639 870 3703; x_wconf 76' lang='lat' dir='ltr'><strong>admonens</strong></span> <span class='ocrx_word' id='word_1_285' title='bbox 896 3646 935 3703; x_wconf 88' lang='lat' dir='ltr'><strong>vt</strong></span> <span class='ocrx_word' id='word_1_286' title='bbox 959 3640 1069 3703; x_wconf 88' lang='lat' dir='ltr'><strong>subito</strong></span> <span class='ocrx_word' id='word_1_287' title='bbox 1094 3662 1146 3705; x_wconf 92' lang='lat' dir='ltr'><strong>me</strong></span> <span class='ocrx_word' id='word_1_288' title='bbox 1170 3642 1304 3705; x_wconf 91' lang='lat' dir='ltr'><strong>domum</strong></span> <span class='ocrx_word' id='word_1_289' title='bbox 1329 3645 1513 3726; x_wconf 67' lang='lat' dir='ltr'><strong>recipicmg</strong></span> 
     </span>
    </p>

    <p class='ocr_par' dir='ltr' id='par_1_12' title="bbox 248 3719 1512 3966">
     <span class='ocr_line' id='line_1_35' title="bbox 248 3719 1512 3810; baseline 0.009 -29"><span class='ocrx_word' id='word_1_290' title='bbox 248 3748 285 3797; x_wconf 78' lang='lat'><strong>40</strong></span> <span class='ocrx_word' id='word_1_291' title='bbox 296 3719 463 3782; x_wconf 73' lang='lat' dir='ltr'><strong>ciuitatem</strong></span> <span class='ocrx_word' id='word_1_292' title='bbox 480 3728 640 3783; x_wconf 77' lang='lat' dir='ltr'><strong>ermetem</strong></span> <span class='ocrx_word' id='word_1_293' title='bbox 656 3724 692 3784; x_wconf 94' lang='lat' dir='ltr'><strong>in</strong></span> <span class='ocrx_word' id='word_1_294' title='bbox 707 3721 853 3784; x_wconf 87' lang='lat' dir='ltr'><strong>tumultu</strong></span> <span class='ocrx_word' id='word_1_295' title='bbox 867 3743 946 3784; x_wconf 91' lang='lat' dir='ltr'><strong>esse.</strong></span> <span class='ocrx_word' id='word_1_296' title='bbox 987 3721 1072 3785; x_wconf 84' lang='lat' dir='ltr'><strong>Nem</strong></span> <span class='ocrx_word' id='word_1_297' title='bbox 1090 3724 1119 3785; x_wconf 87' lang='lat' dir='ltr'><strong>is</strong></span> <span class='ocrx_word' id='word_1_298' title='bbox 1137 3744 1207 3786; x_wconf 91' lang='lat' dir='ltr'><strong>mos</strong></span> <span class='ocrx_word' id='word_1_299' title='bbox 1220 3731 1273 3788; x_wconf 87' lang='lat' dir='ltr'><strong>est</strong></span> <span class='ocrx_word' id='word_1_300' title='bbox 1284 3725 1360 3788; x_wconf 84' lang='lat' dir='ltr'><strong>huic</strong></span> <span class='ocrx_word' id='word_1_301' title='bbox 1377 3730 1512 3810; x_wconf 85' lang='lat' dir='ltr'><strong>reipub·</strong></span> 
     </span>
     <span class='ocr_line' id='line_1_36' title="bbox 295 3799 1512 3892; baseline 0.007 -30"><span class='ocrx_word' id='word_1_302' title='bbox 295 3799 386 3874; x_wconf 84' lang='lat' dir='ltr'><strong>lices,</strong></span> <span class='ocrx_word' id='word_1_303' title='bbox 409 3807 448 3863; x_wconf 87' lang='lat' dir='ltr'><strong>vt</strong></span> <span class='ocrx_word' id='word_1_304' title='bbox 468 3802 571 3864; x_wconf 86' lang='lat' dir='ltr'><strong>sicubi</strong></span> <span class='ocrx_word' id='word_1_305' title='bbox 591 3802 691 3866; x_wconf 87' lang='lat' dir='ltr'><strong>fuerit</strong></span> <span class='ocrx_word' id='word_1_306' title='bbox 711 3810 861 3866; x_wconf 87' lang='lat' dir='ltr'><strong>exortum</strong></span> <span class='ocrx_word' id='word_1_307' title='bbox 882 3803 1078 3879; x_wconf 85' lang='lat' dir='ltr'><strong>incendium,</strong></span> <span class='ocrx_word' id='word_1_308' title='bbox 1100 3806 1271 3869; x_wconf 79' lang='lat' dir='ltr'><strong>confestim</strong></span> <span class='ocrx_word' id='word_1_309' title='bbox 1293 3810 1412 3871; x_wconf 86' lang='lat' dir='ltr'><strong>ermsti</strong></span> <span class='ocrx_word' id='word_1_310' title='bbox 1433 3830 1512 3892; x_wconf 88' lang='lat' dir='ltr'><strong>pro·</strong></span> 
     </span>
     <span class='ocr_line' id='line_1_37' title="bbox 295 3884 1512 3966; baseline 0.011 -23"><span class='ocrx_word' id='word_1_311' title='bbox 295 3890 427 3944; x_wconf 82' lang='lat' dir='ltr'><strong>current</strong></span> <span class='ocrx_word' id='word_1_312' title='bbox 440 3884 483 3943; x_wconf 86' lang='lat' dir='ltr'><strong>cd</strong></span> <span class='ocrx_word' id='word_1_313' title='bbox 496 3884 634 3946; x_wconf 83' lang='lat' dir='ltr'><strong>tuendos</strong></span> <span class='ocrx_word' id='word_1_314' title='bbox 648 3892 759 3966; x_wconf 84' lang='lat' dir='ltr'><strong>portes</strong></span> <span class='ocrx_word' id='word_1_315' title='bbox 774 3885 811 3947; x_wconf 85' lang='lat' dir='ltr'><strong>sc</strong></span> <span class='ocrx_word' id='word_1_316' title='bbox 826 3887 963 3948; x_wconf 80' lang='lat' dir='ltr'><strong>moenia.</strong></span> <span class='ocrx_word' id='word_1_317' title='bbox 1006 3886 1074 3949; x_wconf 88' lang='lat' dir='ltr'><strong>Nec</strong></span> <span class='ocrx_word' id='word_1_318' title='bbox 1088 3889 1168 3950; x_wconf 86' lang='lat' dir='ltr'><strong>estis</strong></span> <span class='ocrx_word' id='word_1_319' title='bbox 1181 3894 1293 3951; x_wconf 89' lang='lat' dir='ltr'><strong>tutum</strong></span> <span class='ocrx_word' id='word_1_320' title='bbox 1307 3895 1358 3952; x_wconf 91' lang='lat' dir='ltr'><strong>est</strong></span> <span class='ocrx_word' id='word_1_321' title='bbox 1371 3895 1512 3957; x_wconf 69' lang='lat' dir='ltr'><strong>mmetis</strong></span> 
     </span>
    </p>
   </div>
   <div class='ocr_carea' id='block_1_3' title="bbox 290 4064 1511 4510">
    <p class='ocr_par' dir='ltr' id='par_1_13' title="bbox 290 4064 1511 4510">
     <span class='ocr_line' id='line_1_38' title="bbox 293 4064 1511 4184; baseline 0.013 -72"><span class='ocrx_word' id='word_1_322' title='bbox 293 4078 341 4179; x_wconf 35' lang='grc' dir='ltr'><strong>εἰς</strong></span> <span class='ocrx_word' id='word_1_323' title='bbox 367 4064 873 4184; x_wconf 44' lang='lat' dir='ltr'><strong>⁵4⁴¹2&#39;1t41lsstthv‘sdlifflffw</strong></span> <span class='ocrx_word' id='word_1_324' title='bbox 923 4068 1068 4147; x_wconf 49' lang='lat' dir='ltr'><strong>“fii-t</strong></span> <span class='ocrx_word' id='word_1_325' title='bbox 1089 4073 1157 4121; x_wconf 77' lang='lat' dir='ltr'><strong>term</strong></span> <span class='ocrx_word' id='word_1_326' title='bbox 1178 4069 1240 4122; x_wconf 73' lang='lat' dir='ltr'><strong>thot</strong></span> <span class='ocrx_word' id='word_1_327' title='bbox 1261 4087 1315 4122; x_wconf 75' lang='lat' dir='ltr'><strong>wer</strong></span> <span class='ocrx_word' id='word_1_328' title='bbox 1335 4071 1390 4123; x_wconf 81' lang='lat' dir='ltr'><strong>still</strong></span> <span class='ocrx_word' id='word_1_329' title='bbox 1409 4074 1438 4125; x_wconf 89' lang='lat' dir='ltr'><strong>in</strong></span> <span class='ocrx_word' id='word_1_330' title='bbox 1460 4091 1511 4130; x_wconf 84' lang='lat' dir='ltr'><strong>use</strong></span> 
     </span>
     <span class='ocr_line' id='line_1_39' title="bbox 292 4134 1510 4264; baseline 0.011 -18"><span class='ocrx_word' id='word_1_331' title='bbox 292 4134 500 4257; x_wconf 39' lang='lat' dir='ltr'><strong>scillei&amp;</strong></span> <span class='ocrx_word' id='word_1_332' title='bbox 529 4196 657 4249; x_wconf 56' lang='lat' dir='ltr'><strong>nomm</strong></span> <span class='ocrx_word' id='word_1_333' title='bbox 674 4148 872 4251; x_wconf 49' lang='lat' dir='ltr'><strong>mli-011⁰&amp;</strong></span> <span class='ocrx_word' id='word_1_334' title='bbox 922 4134 1081 4252; x_wconf 57' lang='lat' dir='ltr'><strong>iffi</strong></span> <span class='ocrx_word' id='word_1_335' title='bbox 1099 4141 1510 4264; x_wconf 54' lang='lat' dir='ltr'><strong>iinffli&#39;lffle‘li</strong></span> 
     </span>
     <span class='ocr_line' id='line_1_40' title="bbox 291 4259 1507 4349; baseline 0.013 -39"><span class='ocrx_word' id='word_1_336' title='bbox 291 4275 309 4310; x_wconf 78' lang='lat' dir='ltr'><strong>c</strong></span> <span class='ocrx_word' id='word_1_337' title='bbox 321 4259 402 4311; x_wconf 86' lang='lat' dir='ltr'><strong>letter</strong></span> <span class='ocrx_word' id='word_1_338' title='bbox 415 4261 443 4312; x_wconf 91' lang='lat' dir='ltr'><strong>of</strong></span> <span class='ocrx_word' id='word_1_339' title='bbox 455 4275 490 4312; x_wconf 84' lang='lat'><strong>20</strong></span> <span class='ocrx_word' id='word_1_340' title='bbox 504 4262 538 4349; x_wconf 52' lang='lat' dir='ltr'><strong>S‘e</strong></span> <span class='ocrx_word' id='word_1_341' title='bbox 556 4268 577 4314; x_wconf 91' lang='lat' dir='ltr'><strong>t.</strong></span> <span class='ocrx_word' id='word_1_342' title='bbox 588 4262 683 4349; x_wconf 58' lang='lat' dir='ltr'><strong>illesis</strong></span> <span class='ocrx_word' id='word_1_343' title='bbox 697 4262 751 4315; x_wconf 78' lang='lat' dir='ltr'><strong>MS.</strong></span> <span class='ocrx_word' id='word_1_344' title='bbox 767 4264 795 4316; x_wconf 83' lang='lat'><strong>0.</strong></span> <span class='ocrx_word' id='word_1_345' title='bbox 810 4263 870 4341; x_wconf 57' lang='lat' dir='ltr'>m</span> <span class='ocrx_word' id='word_1_346' title='bbox 921 4264 975 4317; x_wconf 90' lang='lat' dir='ltr'><strong>end</strong></span> <span class='ocrx_word' id='word_1_347' title='bbox 991 4265 1019 4344; x_wconf 77' lang='lat' dir='ltr'><strong>of</strong></span> <span class='ocrx_word' id='word_1_348' title='bbox 1034 4266 1108 4317; x_wconf 73' lang='lat' dir='ltr'><strong>wbst</strong></span> <span class='ocrx_word' id='word_1_349' title='bbox 1124 4267 1147 4345; x_wconf 67' lang='lat' dir='ltr'><strong>ir</strong></span> <span class='ocrx_word' id='word_1_350' title='bbox 1162 4282 1222 4317; x_wconf 81' lang='lat' dir='ltr'><strong>now</strong></span> <span class='ocrx_word' id='word_1_351' title='bbox 1238 4267 1285 4319; x_wconf 84' lang='lat' dir='ltr'><strong>tbe</strong></span> <span class='ocrx_word' id='word_1_352' title='bbox 1301 4268 1507 4335; x_wconf 66' lang='lat' dir='ltr'><strong>Hebelttreeseg</strong></span> 
     </span>
     <span class='ocr_line' id='line_1_41' title="bbox 290 4327 1507 4510; baseline 0.014 -71"><span class='ocrx_word' id='word_1_353' title='bbox 290 4327 414 4451; x_wconf 60' lang='lat' dir='ltr'><strong>cccl</strong></span> <span class='ocrx_word' id='word_1_354' title='bbox 431 4342 508 4452; x_wconf 68' lang='lat' dir='ltr'><strong>ru</strong></span> <span class='ocrx_word' id='word_1_355' title='bbox 525 4343 633 4458; x_wconf 46' lang='lat' dir='ltr'><strong>ies?</strong></span> <span class='ocrx_word' id='word_1_356' title='bbox 660 4327 719 4445; x_wconf 68' lang='lat' dir='ltr'><strong>ci</strong></span> <span class='ocrx_word' id='word_1_357' title='bbox 732 4329 872 4510; x_wconf 42' lang='grc' dir='ltr'><strong>ἣξεις</strong></span> <span class='ocrx_word' id='word_1_358' title='bbox 921 4330 1120 4463; x_wconf 46' lang='lat' dir='ltr'><strong>trior</strong></span> <span class='ocrx_word' id='word_1_359' title='bbox 1135 4332 1507 4466; x_wconf 41' lang='lat' dir='ltr'><strong>mretricem</strong></span> 
     </span>
    </p>
   </div>
   <div class='ocr_carea' id='block_1_4' title="bbox 289 4454 1507 5101">
    <p class='ocr_par' dir='ltr' id='par_1_14' title="bbox 288 4454 1507 5101">
     <span class='ocr_line' id='line_1_42' title="bbox 291 4454 1507 4571; baseline 0.012 -64"><span class='ocrx_word' id='word_1_360' title='bbox 291 4454 416 4507; x_wconf 86' lang='lat' dir='ltr'><strong>occurred</strong></span> <span class='ocrx_word' id='word_1_361' title='bbox 427 4454 515 4532; x_wconf 40' lang='lat' dir='ltr'><strong>&#39;about</strong></span> <span class='ocrx_word' id='word_1_362' title='bbox 529 4459 547 4507; x_wconf 82' lang='grc' dir='ltr'>ὀ</span> <span class='ocrx_word' id='word_1_363' title='bbox 561 4472 646 4571; x_wconf 60' lang='lat' dir='ltr'><strong>pum</strong></span> <span class='ocrx_word' id='word_1_364' title='bbox 670 4458 718 4510; x_wconf 81' lang='lat' dir='ltr'><strong>tbe</strong></span> <span class='ocrx_word' id='word_1_365' title='bbox 732 4460 767 4511; x_wconf 83' lang='lat' dir='ltr'><strong>Sc</strong></span> <span class='ocrx_word' id='word_1_366' title='bbox 813 4460 870 4512; x_wconf 86' lang='lat' dir='ltr'><strong>der·</strong></span> <span class='ocrx_word' id='word_1_367' title='bbox 921 4461 1131 4516; x_wconf 79' lang='lat' dir='ltr'><strong>Scbnidertlruru</strong></span> <span class='ocrx_word' id='word_1_368' title='bbox 1151 4463 1180 4526; x_wconf 84' lang='lat' dir='ltr'><strong>(l</strong></span> <span class='ocrx_word' id='word_1_369' title='bbox 1199 4465 1247 4527; x_wconf 83' lang='lat' dir='ltr'><strong>4n)</strong></span> <span class='ocrx_word' id='word_1_370' title='bbox 1268 4480 1323 4516; x_wconf 79' lang='lat' dir='ltr'><strong>wne</strong></span> <span class='ocrx_word' id='word_1_371' title='bbox 1342 4480 1416 4517; x_wconf 86' lang='lat' dir='ltr'><strong>more</strong></span> <span class='ocrx_word' id='word_1_372' title='bbox 1436 4467 1507 4521; x_wconf 73' lang='lat' dir='ltr'><strong>tbnn</strong></span> 
     </span>
     <span class='ocr_line' id='line_1_43' title="bbox 290 4518 1506 4588; baseline 0.012 -18"><span class='ocrx_word' id='word_1_373' title='bbox 290 4518 686 4582; x_wconf 75' lang='lat' dir='ltr'><strong>thuruwbrchwcsbownu,</strong></span> <span class='ocrx_word' id='word_1_374' title='bbox 733 4526 739 4538; x_wconf 86' lang='lat'>&#39;</span> <span class='ocrx_word' id='word_1_375' title='bbox 786 4525 871 4578; x_wconf 88' lang='lat' dir='ltr'><strong>intbe</strong></span> <span class='ocrx_word' id='word_1_376' title='bbox 921 4528 1506 4588; x_wconf 73' lang='lat' dir='ltr'><strong>cmiledistcnteororstbciullbresdtb</strong></span> 
     </span>
     <span class='ocr_line' id='line_1_44' title="bbox 290 4582 1506 4662; baseline 0.015 -29"><span class='ocrx_word' id='word_1_377' title='bbox 290 4584 330 4637; x_wconf 79' lang='lat' dir='ltr'><strong>St.</strong></span> <span class='ocrx_word' id='word_1_378' title='bbox 346 4582 434 4635; x_wconf 78' lang='lat' dir='ltr'><strong>Albcn</strong></span> <span class='ocrx_word' id='word_1_379' title='bbox 449 4584 559 4644; x_wconf 87' lang='lat' dir='ltr'><strong>suburb,</strong></span> <span class='ocrx_word' id='word_1_380' title='bbox 575 4601 640 4637; x_wconf 80' lang='lat' dir='ltr'><strong>necr</strong></span> <span class='ocrx_word' id='word_1_381' title='bbox 686 4590 762 4641; x_wconf 83' lang='lat' dir='ltr'><strong>ebis</strong></span> <span class='ocrx_word' id='word_1_382' title='bbox 862 4629 869 4642; x_wconf 87' lang='lat'><strong>.</strong></span> <span class='ocrx_word' id='word_1_383' title='bbox 921 4592 950 4644; x_wconf 87' lang='lat' dir='ltr'><strong>of</strong></span> <span class='ocrx_word' id='word_1_384' title='bbox 964 4593 1011 4645; x_wconf 86' lang='lat' dir='ltr'><strong>the</strong></span> <span class='ocrx_word' id='word_1_385' title='bbox 1026 4599 1107 4645; x_wconf 75' lang='lat' dir='ltr'><strong>town.</strong></span> <span class='ocrx_word' id='word_1_386' title='bbox 1143 4594 1247 4648; x_wconf 70' lang='lat' dir='ltr'><strong>Froben</strong></span> <span class='ocrx_word' id='word_1_387' title='bbox 1264 4594 1318 4647; x_wconf 70' lang='lat' dir='ltr'><strong>hul</strong></span> <span class='ocrx_word' id='word_1_388' title='bbox 1336 4595 1439 4662; x_wconf 81' lang='lat' dir='ltr'><strong>bought</strong></span> <span class='ocrx_word' id='word_1_389' title='bbox 1455 4597 1506 4651; x_wconf 84' lang='lat' dir='ltr'><strong>the</strong></span> 
     </span>
     <span class='ocr_line' id='line_1_45' title="bbox 290 4649 1465 4727; baseline 0.013 -28"><span class='ocrx_word' id='word_1_390' title='bbox 290 4649 491 4702; x_wconf 76' lang='lat' dir='ltr'><strong>Tbeestimntes</strong></span> <span class='ocrx_word' id='word_1_391' title='bbox 499 4651 527 4701; x_wconf 90' lang='lat' dir='ltr'><strong>of</strong></span> <span class='ocrx_word' id='word_1_392' title='bbox 535 4651 582 4702; x_wconf 87' lang='lat' dir='ltr'><strong>tbe</strong></span> <span class='ocrx_word' id='word_1_393' title='bbox 590 4653 716 4705; x_wconf 86' lang='lat' dir='ltr'><strong>numbers</strong></span> <span class='ocrx_word' id='word_1_394' title='bbox 725 4655 753 4705; x_wconf 92' lang='lat' dir='ltr'><strong>of</strong></span> <span class='ocrx_word' id='word_1_395' title='bbox 761 4671 870 4721; x_wconf 79' lang='lat' dir='ltr'><strong>persons</strong></span> <span class='ocrx_word' id='word_1_396' title='bbox 921 4658 1023 4724; x_wconf 78' lang='lat' dir='ltr'><strong>gordon</strong></span> <span class='ocrx_word' id='word_1_397' title='bbox 1035 4660 1110 4723; x_wconf 85' lang='lat' dir='ltr'><strong>quite</strong></span> <span class='ocrx_word' id='word_1_398' title='bbox 1121 4661 1248 4727; x_wconf 69' lang='lat' dir='ltr'><strong>moentlp,</strong></span> <span class='ocrx_word' id='word_1_399' title='bbox 1264 4676 1293 4711; x_wconf 85' lang='lat'><strong>12</strong></span> <span class='ocrx_word' id='word_1_400' title='bbox 1305 4662 1324 4713; x_wconf 83' lang='lat' dir='ltr'><strong>J</strong></span> <span class='ocrx_word' id='word_1_401' title='bbox 1327 4677 1377 4713; x_wconf 91' lang='lat' dir='ltr'><strong>une</strong></span> <span class='ocrx_word' id='word_1_402' title='bbox 1392 4664 1465 4726; x_wconf 79' lang='lat'>1526.</span> 
     </span>
     <span class='ocr_line' id='line_1_46' title="bbox 290 4715 1503 4841; baseline 0.013 -77"><span class='ocrx_word' id='word_1_403' title='bbox 290 4715 370 4765; x_wconf 81' lang='lat' dir='ltr'><strong>killed</strong></span> <span class='ocrx_word' id='word_1_404' title='bbox 387 4731 455 4781; x_wconf 73' lang='lat' dir='ltr'><strong>very</strong></span> <span class='ocrx_word' id='word_1_405' title='bbox 471 4716 662 4783; x_wconf 75' lang='lat' dir='ltr'><strong>wnsidercbly.</strong></span> <span class='ocrx_word' id='word_1_406' title='bbox 698 4719 751 4771; x_wconf 81' lang='lat' dir='ltr'><strong>For</strong></span> <span class='ocrx_word' id='word_1_407' title='bbox 766 4721 871 4772; x_wconf 84' lang='lat' dir='ltr'><strong>shortcr</strong></span> <span class='ocrx_word' id='word_1_408' title='bbox 955 4724 979 4774; x_wconf 89' lang='lat'><strong>8.</strong></span> <span class='ocrx_word' id='word_1_409' title='bbox 998 4724 1503 4841; x_wconf 45' lang='lat' dir='ltr'><strong>deambulstiunculsmkffltprssu.</strong></span> 
     </span>
     <span class='ocr_line' id='line_1_47' title="bbox 289 4796 1505 4923; baseline 0.012 -27"><span class='ocrx_word' id='word_1_410' title='bbox 289 4846 869 4918; x_wconf 68' lang='lat' dir='ltr'><strong>Herminium182b(v.415),sndngr.n.</strong></span> <span class='ocrx_word' id='word_1_411' title='bbox 958 4868 998 4906; x_wconf 84' lang='lat'><strong>22.</strong></span> <span class='ocrx_word' id='word_1_412' title='bbox 1016 4855 1175 4921; x_wconf 67' lang='lat' dir='ltr'><strong>nomme]</strong></span> <span class='ocrx_word' id='word_1_413' title='bbox 1251 4808 1335 4909; x_wconf 55' lang='lat' dir='ltr'><strong>uovl&#39;</strong></span> <span class='ocrx_word' id='word_1_414' title='bbox 1345 4796 1422 4923; x_wconf 42' lang='lat'><strong>1¹&amp;</strong></span> <span class='ocrx_word' id='word_1_415' title='bbox 1459 4873 1505 4911; x_wconf 65' lang='grc' dir='ltr'><strong>ιω</strong></span> 
     </span>
     <span class='ocr_line' id='line_1_48' title="bbox 289 4914 1272 4986; baseline 0.014 -25"><span class='ocrx_word' id='word_1_416' title='bbox 289 4914 347 4977; x_wconf 87' lang='lat'>877.</span> <span class='ocrx_word' id='word_1_417' title='bbox 922 4917 991 4986; x_wconf 82' lang='lat' dir='ltr'><strong>Epp.</strong></span> <span class='ocrx_word' id='word_1_418' title='bbox 1004 4934 1097 4981; x_wconf 75' lang='lat' dir='ltr'><strong>noo-2,</strong></span> <span class='ocrx_word' id='word_1_419' title='bbox 1114 4936 1162 4985; x_wconf 87' lang='lat'><strong>194</strong></span> <span class='ocrx_word' id='word_1_420' title='bbox 1173 4922 1272 4975; x_wconf 79' lang='lat' dir='ltr'><strong>mtrud.</strong></span> 
     </span>
     <span class='ocr_line' id='line_1_49' title="bbox 323 4978 1410 5101; baseline 0.012 -9.567"><span class='ocrx_word' id='word_1_421' title='bbox 323 4978 869 5095; x_wconf 42' lang='grc' dir='ltr'><strong>ΗΜ</strong></span> <span class='ocrx_word' id='word_1_422' title='bbox 919 4986 1082 5101; x_wconf 49' lang='lat' dir='ltr'><strong>isc]</strong></span> <span class='ocrx_word' id='word_1_423' title='bbox 1109 4987 1159 5040; x_wconf 67' lang='lat'><strong>⁸00</strong></span> <span class='ocrx_word' id='word_1_424' title='bbox 1280 5000 1339 5039; x_wconf 69' lang='lat'><strong>200·</strong></span> <span class='ocrx_word' id='word_1_425' title='bbox 1366 5002 1410 5047; x_wconf 74' lang='lat'><strong>,„,</strong></span> 
     </span>
    </p>
   </div>
   <div class='ocr_carea' id='block_1_5' title="bbox 288 4782 1274 4856">
    <p class='ocr_par' dir='ltr' id='par_1_15' title="bbox 288 4782 1274 4856">
     <span class='ocr_line' id='line_1_50' title="bbox 288 4782 1274 4856; baseline 0.014 -26"><span class='ocrx_word' id='word_1_426' title='bbox 288 4782 740 4836; x_wconf 70' lang='lat' dir='ltr'><strong>ncrrstivesoftbcerentseeZw.</strong></span> <span class='ocrx_word' id='word_1_427' title='bbox 753 4786 796 4837; x_wconf 77' lang='lat' dir='ltr'><strong>E&#39;.</strong></span> <span class='ocrx_word' id='word_1_428' title='bbox 810 4799 867 4851; x_wconf 79' lang='lat'>530,</span> <span class='ocrx_word' id='word_1_429' title='bbox 960 4801 997 4840; x_wconf 83' lang='grc' dir='ltr'><strong>ιο.</strong></span> <span class='ocrx_word' id='word_1_430' title='bbox 1016 4789 1204 4856; x_wconf 77' lang='lat' dir='ltr'><strong>chrysostomo</strong></span> <span class='ocrx_word' id='word_1_431' title='bbox 1225 4792 1274 4844; x_wconf 82' lang='lat' dir='ltr'><strong>See</strong></span> 
     </span>
    </p>
   </div>
   <div class='ocr_carea' id='block_1_6' title="bbox 0 0 1772 5984">
    <p class='ocr_par' dir='ltr' id='par_1_16' title="bbox 0 0 1772 5984">
     <span class='ocr_line' id='line_1_51' title="bbox 0 0 1772 5984; baseline 0 11"><span class='ocrx_word' id='word_1_432' title='bbox 0 0 1772 5984; x_wconf 95' lang='lat' dir='ltr'><strong> </strong></span> 
     </span>
    </p>
   </div>
  </div>
 </body>
</html>
