3534 5984
361 680 419 742 ros
713 681 908 744 umrsss
930 681 985 745 or
1006 680 1207 745 sessum
1469 685 1564 761 [1525

359 848 491 908 vnicum
509 847 624 908 borum
643 846 787 908 omnium
800 844 961 925 suffragiis
976 844 1130 923 anteponi
1144 844 1298 923 postules.
1340 845 1384 906 Et
1398 850 1509 906 tamen
1524 865 1564 905 ne

360 929 420 990 hoc
441 928 572 1009 quidem
592 928 751 1009 grauabor
771 928 886 1000 iacere,
908 927 935 988 si
956 927 1035 987 mihi
1055 927 1235 988 rationibus
1256 928 1449 1006 persuaseris
1470 933 1564 987 tuum

360 1009 529 1072 consilium
555 1031 623 1072 esse
651 1010 772 1071 utilius.
818 1008 904 1071 Nam
931 1010 1127 1087 contemptis
1151 1010 1295 1069 omnium
1318 1008 1446 1070 iudiciis
1470 1010 1565 1070 vnius

360 1093 531 1155 autoritati
549 1099 618 1154 tam
636 1091 730 1154 facile
748 1091 870 1164 cedere,
889 1090 1017 1152 lenitati
1030 1090 1126 1151 citius
1140 1110 1238 1169 quam
1254 1090 1430 1152 modestiae
1444 1091 1563 1152 tribue·

295 1179 345 1242 685
360 1180 460 1237 retur.

401 1255 464 1317 Hic
477 1255 614 1317 fortasse
627 1256 714 1317 dices
726 1274 795 1317 esse
808 1250 1112 1315 communicandum
1126 1254 1203 1314 viua
1216 1273 1295 1315 voce
1308 1273 1383 1315 cum
1397 1253 1565 1333 theologis.

360 1336 401 1399 Id
417 1338 573 1400 hactenus
589 1337 661 1410 feci,
677 1338 728 1398 vir
743 1338 877 1417 egregie,
895 1355 969 1397 cum
985 1334 1135 1397 omnibus
1150 1334 1343 1414 quibuscum
1358 1335 1460 1397 licuit.
1498 1334 1566 1397 Nec

359 1422 445 1482 enirn
462 1422 579 1500 exiges,
598 1421 722 1498 opinor,
740 1439 761 1479 a
779 1439 830 1479 me
844 1424 882 1478 vt
899 1416 942 1479 ad
959 1416 1111 1479 Sturricae
1128 1416 1248 1495 Leique
1260 1418 1403 1497 regulam
1416 1415 1564 1479 lucubra-

358 1504 464 1564 tiones
477 1521 565 1563 meas
576 1501 753 1573 emendem,
767 1519 848 1580 quas
860 1518 1027 1579 nunquam
1039 1517 1105 1560 non
1116 1499 1251 1560 submisi
1262 1500 1381 1561 iudicio
1394 1499 1564 1561 Ecclesiae.

297 1599 348 1652 ²90
361 1584 440 1659 Quis
467 1590 577 1646 autem
603 1584 824 1662 suspicaturus
850 1587 922 1642 erat
948 1581 1098 1643 Sutorem
1126 1581 1282 1642 hactenus
1308 1583 1456 1662 ignotum
1484 1582 1564 1654 orbi,

360 1687 378 1727 e
394 1684 453 1727 suo
469 1672 564 1727 antro
578 1664 661 1726 tales
676 1663 816 1725 latratus
831 1662 1013 1723 aediturum
1029 1667 1041 1722 ‘l

401 1747 539 1810 Gratum
559 1752 610 1808 est
652 1745 717 1807 uod
736 1744 860 1806 indicas
878 1743 966 1805 locos
985 1745 1020 1804 in
1040 1742 1158 1823 quibus
1178 1744 1290 1805 videor
1309 1745 1371 1806 tibi
1390 1744 1567 1825 periculose

361 1830 535 1907 scripsisse,
554 1827 603 1889 De
620 1766 695 1890 deri
713 1825 885 1898 coelibatu,
904 1826 954 1886 De
972 1826 1058 1885 votis
1072 1825 1313 1900 monachorum,
1329 1827 1378 1888 De
1390 1827 1519 1888 ieiuniis
1532 1833 1567 1889 et

359 1909 534 1971 interdicto
562 1929 619 1970 esu
647 1910 804 1980 carnium,
834 1907 884 1968 De
912 1906 1069 1968 festorum
1099 1907 1316 1982 obseruantia,
1347 1908 1396 1969 De
1425 1908 1568 1970 conciliis

297 2009 346 2067 695
361 1991 565 2070 euangelicis,
591 1990 640 2052 De
664 1989 753 2051 libris
777 1990 876 2050 sacris
900 1989 935 2050 in
962 1987 1127 2069 vulgarem
1154 1989 1298 2070 linguam
1324 1990 1566 2063 transferendis,

361 2073 411 2134 De
428 2072 552 2153 legibus
571 2072 731 2144 humanis,
751 2071 800 2132 De
819 2070 906 2132 horis
923 2071 1095 2143 canonicis,
1112 2070 1165 2167 'De'
1181 2069 1326 2166 iidelium
1346 2072 1497 2145 diuortio,
1518 2072 1567 2134 De

361 2154 516 2317 iffi
530 2151 1345 2314 militibiiiiiubiemiilinii
1356 2156 1568 2316 &iginii

362 2316 458 2379 video
478 2318 570 2379 cuius
591 2337 642 2378 me
662 2316 838 2396 poeniteat,
859 2316 988 2376 etiamsi
1008 2335 1084 2377 mox
1105 2316 1184 2377 mihi
1204 2317 1248 2378 sit
1268 2318 1498 2392 emoriendum,
1519 2320 1568 2379 ita

298 2426 350 2478 700
363 2419 414 2461 me
424 2398 512 2461 Deus
521 2398 602 2461 bene
612 2405 709 2460 amet.
740 2396 812 2459 Imo
820 2402 953 2477 torquet
962 2396 1108 2459 diuersus
1116 2398 1285 2477 scrupulus
1294 2400 1438 2461 animum
1448 2420 1566 2473 meum,

361 2481 451 2562 quod
469 2482 504 2542 in
524 2481 676 2561 hisquae
696 2480 874 2541 necessaria
892 2479 1076 2540 iudicabam
1096 2479 1278 2554 admonere,
1298 2480 1414 2543 fuerim
1434 2484 1566 2544 meticu-

361 2563 458 2625 losior
470 2583 570 2643 quam
582 2582 633 2624 res
646 2562 810 2642 poscebat.
845 2561 940 2636 Quod
953 2562 980 2622 si
993 2560 1150 2622 candidus
1163 2568 1197 2623 et
1209 2562 1333 2642 integer
1345 2572 1458 2625 nostra
1469 2564 1567 2644 legas,

362 2645 487 2707 videbis
511 2665 562 2707 me
585 2664 745 2725 nusquam
769 2651 974 2706 contemnere
996 2642 1260 2705 scholasticorum
1284 2644 1439 2725 dogmata
1460 2648 1494 2707 in
1519 2647 1568 2708 his

360 2727 466 2790 titulis
484 2746 566 2807 quos
583 2735 644 2788 tus
661 2726 801 2788 charitas
818 2727 989 2787 recensuit.
1028 2724 1169 2787 Mundus
1186 2744 1333 2805 prorsum
1351 2726 1568 2789 indormiebat

298 2836 347 2888 705
363 2809 604 2889 mandragorae.
654 2808 826 2887 Regnabat
852 2809 985 2886 impune
1013 2807 1252 2886 pharisaismus.
1302 2809 1436 2871 Summa
1464 2811 1568 2890 pietas

363 2890 545 2953 habebatur
572 2896 736 2970 quaestus,
765 2908 824 2968 pro
849 2889 1001 2969 religione
1028 2889 1186 2968 regnabat
1213 2891 1409 2970 superstitio.
1458 2891 1567 2953 Mona-

363 2973 496 3034 chorum
524 2970 716 3050 improbitas
744 2991 783 3032 eo
814 2977 1014 3050 processerat
1045 2977 1083 3031 vt
1114 2969 1201 3032 orbis
1233 2971 1356 3033 diutius
1387 2972 1470 3034 ierre
1502 2993 1568 3034 non

363 3060 493 3133 posset3
538 3072 597 3114 nec
630 3053 833 3114 mediocriter
864 3058 958 3113 erant
990 3051 1142 3132 prolapsa
1172 3054 1292 3114 studia.
1346 3054 1396 3115 De
1427 3054 1569 3134 collegiis

362 3136 503 3206 interim,
525 3134 566 3195 de
588 3133 798 3213 praesulibus,
821 3133 861 3195 de
882 3135 922 3195 iis
943 3135 1000 3214 qui
1021 3136 1129 3196 curiae
1150 3134 1317 3197 Romanae
1338 3137 1468 3197 nomine
1489 3136 1567 3198 cele·

300 3245 351 3297 710
364 3216 510 3289 brantur,
520 3216 601 3276 nihil
610 3216 716 3276 dicam
730 3237 737 3289 ;
760 3236 818 3277 nec
828 3223 889 3277 tua
897 3223 1009 3278 tamen
1018 3216 1192 3296 prudentia
1200 3219 1303 3278 nescit
1312 3218 1391 3298 quid
1400 3219 1567 3298 suspirem.

363 3297 435 3359 Ista
447 3297 584 3359 fortasse
599 3297 776 3377 poscebant
789 3298 889 3359 alium
904 3299 1105 3360 monitorem.
1142 3298 1270 3361 Fateor.
1306 3299 1368 3362 Sed
1382 3320 1520 3381 quorum
1535 3300 1569 3361 id

364 3379 504 3442 maxime
522 3380 688 3453 intererat,
708 3378 751 3441 ad
769 3386 899 3442 tantam
918 3379 1079 3442 Ecclesiae
1098 3382 1271 3460 perniciem
1289 3383 1508 3456 conniuentes,
1528 3403 1569 3444 ne

363 3462 443 3541 quid
464 3461 674 3534 offenderent,
694 3461 877 3524 maluerunt
898 3463 939 3524 de
960 3462 1074 3525 ‘Saluo
1095 3461 1238 3542 Regina’
1260 3469 1295 3524 et
1316 3462 1461 3543 ‘Regina
1478 3463 1568 3537 coeli,

363 3543 502 3606 laetare’
525 3545 680 3606 suscitare
703 3543 896 3624 tragoedias.
944 3544 988 3605 Et
1007 3551 1119 3607 tamen
1142 3546 1177 3606 in
1201 3545 1251 3606 his
1274 3545 1352 3624 ipsis
1376 3547 1493 3607 mirum
1518 3553 1568 3608 est

302 3654 350 3707 715
365 3625 485 3706 vbique
513 3646 564 3688 me
591 3626 820 3688 moderationis
846 3626 1037 3700 meminisse,
1065 3646 1167 3706 quum
1193 3628 1227 3688 in
1255 3627 1325 3688 aliis
1352 3628 1459 3690 nullus
1485 3636 1570 3689 esset

366 3708 481 3770 modus
495 3708 727 3789 impudentiae.

406 3790 588 3870 Epistolam
610 3791 653 3852 ad
675 3791 792 3870 Episoo
815 3810 871 3851 um
894 3788 1113 3863 Basiliensem,
1136 3790 1170 3851 in
1192 3810 1259 3869 qua
1279 3798 1387 3854 tracto
1409 3792 1569 3873 quaedam

365 3872 433 3934 eius
448 3874 581 3953 generis,
597 3873 778 3935 Lodouicus
840 3892 894 3934 rus
910 3891 981 3933 meo
994 3877 1110 3951 rogatu
1125 3870 1175 3933 bis
1189 3880 1316 3934 attente
1330 3874 1466 3955 perlegit
1479 3882 1568 3937 ante-

366 3974 465 4034 quam
488 3955 666 4017 sederetur.
712 3954 805 4029 Quod
830 3955 949 4016 mutari
970 3955 1075 4027 iussit,
1100 3956 1236 4016 mutaui.
1282 3954 1451 4035 Rogabam
1475 3966 1513 4019 vt
1535 3959 1569 4018 in

302 4067 354 4119 720
366 4037 525 4098 censendo
544 4036 718 4116 deponeret
737 4038 887 4109 amioum,
906 4043 1048 4097 sumeret
1065 4038 1205 4098 censoris
1223 4037 1377 4100 animum.
1418 4039 1570 4101 Promisit

366 4137 400 4178 sc
418 4117 592 4178 iacturum.
633 4118 812 4197 Episcopus
830 4124 881 4179 est
899 4118 950 4179 vir
967 4119 1191 4199 integerrimae
1210 4119 1298 4180 vitae
1317 4139 1376 4181 nec
1395 4120 1572 4200 vulgariter

366 4198 492 4259 doctus.
526 4199 605 4259 Eius
616 4199 704 4260 iussu
717 4218 836 4260 excusa
846 4205 898 4260 est
910 4199 1075 4279 Epistola:
1098 4219 1175 4261 nam
1189 4200 1311 4279 alioqui
1326 4201 1405 4261 mihi
1419 4221 1484 4262 non
1499 4208 1571 4263 erat

366 4280 401 4340 in
421 4280 530 4341 animo
547 4279 582 4340 id
601 4279 717 4342 iacere.
758 4280 953 4360 Scripseram
973 4282 1059 4343 enim
1079 4301 1145 4342 non
1163 4283 1198 4344 in
1218 4282 1280 4343 hoc
1300 4288 1339 4343 vt
1358 4281 1401 4343 ab
1421 4281 1571 4343 omnibus

366 4359 534 4440 legeretur,
551 4360 609 4421 sed
626 4369 665 4423 vt
682 4369 895 4442 temperarem
913 4369 1021 4425 motus
1038 4362 1196 4445 quosdam
1215 4364 1272 4443 qui
1289 4368 1361 4425 tum
1379 4362 1431 4425 hic
1449 4366 1569 4424 exorie-

303 4461 352 4516 7²5
368 4441 488 4503 bantur
504 4441 547 4503 ab
561 4442 633 4504 istis
649 4443 860 4525 Euangelicis,
877 4452 916 4505 vt
931 4452 1061 4508 vocant.

408 4524 457 4584 De
477 4523 614 4585 iurando
634 4525 714 4605 quid
735 4525 839 4588 Faber
859 4533 918 4587 aut
939 4525 1099 4590 liutherus
1120 4527 1282 4607 scripserit
1302 4545 1368 4587 non
1389 4526 1571 4599 obseruaui,

367 4623 425 4665 nec
436 4606 517 4666 satis
527 4604 630 4667 habeo
641 4612 842 4687 compertum
852 4608 932 4688 quid
942 4608 1106 4670 damnarit
1115 4609 1361 4671 Constantiense
1371 4608 1548 4671 Concilium
1564 4630 1571 4670 ε

368 4705 427 4765 ego
449 4685 606 4748 disserens
629 4688 710 4749 nihil
732 4708 889 4751 asseuero.
934 4690 1027 4752 Certe
1050 4710 1182 4771 peccare
1204 4692 1350 4772 quisquis
1372 4692 1469 4764 iurat,
1493 4691 1528 4752 id
1553 4711 1573 4752 a

369 4786 420 4828 me
440 4787 499 4829 nec
518 4769 675 4847 scriptum
699 4777 750 4832 est
773 4790 832 4832 neo
855 4772 1057 4852 cogitatum:
1091 4774 1151 4835 boc
1174 4775 1297 4853 scripsi,
1322 4772 1378 4834 vbi
1398 4774 1573 4834 necessitas

848 4887 909 4947 694,
927 4887 1041 4937 consiliis
1053 4888 1087 4938 N.

403 5005 460 5057 717.
480 4987 641 5055 Epistolam]
653 4989 701 5041 ses
756 5003 925 5106 ‚12p414n
1025 5005 1083 5058 729.
1101 4991 1205 5056 scripsi]
1222 4992 1318 5043 Ausul.
1333 4992 1364 5041 io
1382 5006 1392 5041 1
1411 4991 1471 5043 Cor.
1488 5006 1513 5057 7.
1530 5006 1572 5055 39,

435 5053 608 5123 Episcopum]
620 5055 681 5107 Chr.
693 5055 722 5106 ol
759 5060 805 5107 ten
825 5058 888 5108 eim.
992 5057 1080 5108 added
1091 5060 1119 5109 in
1135 5069 1207 5119 1519,
1221 5072 1247 5120 p.
1260 5070 1325 5120 3²9²
1344 5056 1398 5108 LB.
1411 5060 1448 5108 vi.
1461 5060 1539 5121 698³.
