3534 5984
373 666 434 726 402
730 659 924 722 marrus
946 658 1002 722 or
1023 657 1224 721 ramnus
1488 657 1594 735 [1526

374 832 524 905 Badensi,
543 829 775 893 ecclesiasticae
793 827 896 907 partie
914 825 1053 888 nomine.
1089 822 1289 903 Capitonem,
1308 822 1433 901 opinor,
1447 820 1591 885 volebas

373 914 489 985 dicere,
511 912 601 974 ouius
622 910 712 973 nulla
730 910 802 971 laus
821 909 927 971 estin
946 906 1010 969 illis
1028 905 1139 968 literis.
1183 903 1278 979 Quod
1298 904 1409 983 scripsi
1429 909 1589 966 neutram

327 1005 358 1062 65
373 1001 500 1075 partem
522 994 600 1055 mihi
622 992 724 1054 videri
744 991 896 1063 sobriam,
917 1009 984 1051 non
1003 987 1173 1050 incessitur
1193 985 1346 1058 Ecclesia,
1367 984 1425 1047 sed
1445 985 1588 1065 quidam
1670 995 1672 998 ’

372 1072 819 1237 amicitiani
833 1089 1073 1216 ‘lm
1080 1067 1587 1213 antistitium

372 1238 575 1318 Transalpini
595 1237 711 1299 volunt
730 1255 789 1298 nos
809 1234 952 1317 profiteri
972 1232 1162 1296 Pontificem
1183 1232 1368 1293 Romanum
1388 1250 1491 1292 vnum
1512 1252 1586 1295 ease

415 1322 531 1383 tiorem
561 1319 719 1381 vniuersis
748 1317 888 1379 ecclesiis
918 1335 956 1378 ac
986 1315 1106 1396 populo
1137 1314 1328 1377 Οῐιιὶεῐίαηο.
1381 1312 1516 1376 Habent
1548 1321 1587 1377 et

327 1418 360 1473 ⁷⁰
372 1404 407 1546 a
424 1396 1368 1546 ffiqffiffinffipqffiffi
1384 1394 1585 1542 iiiiii

372 1571 488 1628 neutra
506 1571 599 1645 parte
618 1584 696 1636 esse,
716 1562 773 1624 sed
791 1562 898 1624 neutri
917 1561 1083 1622 addictum
1103 1580 1180 1622 esse.
1221 1559 1380 1623 addictus
1399 1567 1510 1623 autem
1530 1570 1585 1625 est

371 1642 1583 1805 20¹3iiiiii,tffilinimiiffllipizilimffaffllm

326 1825 357 1883 75
371 1810 477 1885 nullis,
486 1811 544 1891 qui
552 1810 675 1889 magnis
684 1807 877 1869 clamoribus
885 1807 988 1869 videri
998 1806 1114 1868 volunt
1124 1826 1216 1886 agere
1226 1826 1268 1868 ne
1289 1808 1394 1869 ocium
1407 1807 1582 1871 Ecclesiae.

413 1892 462 1953 De
486 1891 576 1953 libris
602 1890 794 1952 Lutheranis
819 1908 886 1950 non
911 1901 1039 1969 prorsus
1065 1888 1139 1949 hinc
1165 1908 1260 1949 arcon
1284 1890 1320 1961 ’,
1347 1888 1521 1951 videbatur
1546 1890 1584 1952 id

371 1974 526 2054 temporis
544 1992 612 2034 esse
631 1973 711 2033 satis
730 1990 789 2050 pro
807 1970 903 2032 huius
922 1972 999 2050 reip.
1020 1976 1120 2031 statu.
1162 1969 1196 2033 si
1215 1969 1358 2032 Ecclesia
1376 1972 1584 2050 permitteret

372 2073 466 2116 vsum
484 2054 683 2117 Sacramenti
700 2052 762 2114 sub
779 2059 917 2132 vtraque
935 2052 1050 2131 specie,
1067 2071 1109 2114 ne
1125 2051 1291 2113 tantulum
1309 2052 1439 2133 quidem
1456 2054 1581 2115 incom-

372 2136 460 2197 modi
474 2135 591 2198 video:
618 2154 696 2196 nam
709 2134 745 2196 id
760 2133 935 2214 aliquando
950 2133 1101 2195 Bohemis
1116 2134 1306 2213 permiserat
1320 2134 1473 2196 Ecclesia.
1511 2136 1583 2198 Nec

325 2216 473 2296 aoprobo
497 2223 610 2279 tamen
635 2222 674 2278 vt
699 2218 870 2296 quisquam
896 2215 957 2277 hac
983 2217 1089 2294 gratia
1113 2215 1226 2277 turbae
1252 2216 1373 2278 excitet
1397 2217 1431 2277 in
1457 2217 1583 2297 populo

371 2298 562 2361 erimusne.
602 2297 673 2378 Ego
689 2317 749 2360 nec
766 2296 987 2359 sacerdotibus
1005 2297 1159 2376 permitto
1176 2296 1371 2377 coniugium,
1389 2318 1448 2360 nec
1466 2317 1581 2360 mona-

371 2380 439 2441 chis
458 2380 568 2442 relaxo
588 2386 678 2453 vote,
698 2380 734 2441 ni
752 2379 788 2440 id
807 2377 867 2440 fiat
887 2399 928 2440 er
949 2379 1125 2440 autoritate
1145 2377 1345 2458 pontificum,
1368 2380 1411 2442 ad
1430 2378 1581 2443 aedifica·

370 2463 493 2523 tionem
510 2461 680 2535 Ecclesiae,
696 2479 763 2523 non
782 2460 824 2521 sd
840 2460 1102 2523 destructionem.
1144 2459 1194 2521 Eo
1209 2460 1383 2541 perpellere
1403 2480 1520 2541 pueros
1541 2482 1582 2525 ac

371 2542 493 2624 puellas
512 2543 726 2606 inhumanum
746 2541 894 2615 arbitror,
915 2543 1061 2621 atpium
1080 2543 1219 2604 eximere
1238 2542 1352 2605 fraude
1372 2549 1496 2623 captos.
1538 2544 1582 2607 In

274 2674 279 2689 ·
324 2634 356 2694 ⁸⁵
370 2624 1583 2785 ffiiwillrissilrioeiliisslnmssiiiliffli?102?

369 2795 457 2851 tasse
479 2788 582 2851 leuius
606 2788 727 2850 malum
751 2794 823 2849 arat
845 2786 1037 2867 eligendum.
1084 2786 1173 2849 Haec
1198 2788 1307 2868 opinio
1330 2790 1358 2850 si
1381 2808 1448 2851 non
1472 2789 1584 2869 placet

371 2870 532 2932 Ecclesiae
546 2869 727 2950 praefectis,
742 2888 801 2948 pro
814 2870 940 2930 somnio
953 2869 1102 2931 ducatur.

412 2950 506 3027 Quod
524 2951 636 3014 scribis
653 2951 694 3013 de
711 2950 916 3030 quorundam
933 2952 979 3012 im
1002 2952 1035 3012 ia
1051 2950 1192 3024 licentia,
1211 2950 1319 3013 nullus
1336 2952 1434 3014 homo
1451 2971 1509 3032 per
1527 2973 1583 3017 me

323 3033 477 3103 coiectas
498 3040 549 3095 est
570 3033 614 3095 ad
634 3032 715 3094 talia
736 3032 919 3105 animatior,
942 2970 1002 3094 aad
1021 3032 1163 3112 aliquam
1185 3033 1305 3095 multos
1327 3034 1484 3097 cohercui.
1529 3036 1582 3098 Tu

478 3116 485 3129 '
504 3115 721 3187 mumtimes;
741 3132 800 3193 ego
809 3112 1012 3175 Iudaismum
1020 3115 1086 3176 iarn
1096 3114 1280 3177 omniafere
1289 3115 1384 3177 video
1393 3135 1580 3197 occupasse.

370 3134 504 3259 gifflrl
520 3196 642 3274 pariter
659 3214 697 3256 sc
715 3194 883 3275 prophani,
903 3196 930 3256 si
948 3197 1057 3275 magni
1075 3216 1148 3258 cum
1166 3197 1285 3276 paruis,
1302 3199 1445 3278 synceris
1463 3200 1582 3263 animis

370 3284 628 3339 conuerteremus
648 3295 708 3338 nos
728 3276 772 3338 ad
791 3277 967 3356 principem
989 3276 1064 3340 fidei
1084 3284 1214 3341 nostrae
1234 3278 1408 3353 Christum,
1427 3286 1462 3342 et
1544 3302 1578 3343 o-

368 3364 494 3421 scentcs
518 3377 578 3420 sua
603 3357 723 3438 quique
751 3357 847 3429 mala,
872 3358 1083 3421 concordibus
1107 3361 1193 3422 votis
1219 3360 1305 3423 illius
1328 3362 1474 3424 miserico
1515 3364 1581 3426 'am

322 3455 354 3513 95
368 3439 623 3520 imploraremus,
641 3438 732 3502 breui
749 3439 931 3503 videremus
947 3440 1063 3502 horum
1080 3442 1281 3504 tumultuum
1298 3443 1424 3505 felicem
1440 3446 1579 3507 exitum.

368 3520 464 3584 Nunc
488 3522 567 3584 dum
591 3521 735 3602 plerique
759 3522 897 3601 priuatis
920 3524 1098 3585 commodis
1121 3526 1240 3587 intenti
1263 3531 1350 3597 sunt,
1376 3545 1417 3587 ne
1441 3526 1580 3606 publicis

369 3604 500 3684 quidem
513 3609 601 3667 recte
614 3603 801 3666 consulitur.
1205 3678 1208 3688 1

411 3686 505 3762 Quod
519 3686 562 3748 ob
575 3705 678 3748 vnum
691 3692 751 3748 aut
764 3685 903 3747 alterum
916 3686 1150 3767 deprehensum
1166 3688 1249 3750 male
1265 3689 1383 3751 sentire
1400 3689 1519 3751 videris
1538 3690 1579 3753 de

369 3767 498 3831 Graecis
515 3768 627 3841 literis,
647 3768 855 3830 vehementer
871 3767 1013 3830 alienum
1030 3775 1082 3830 est
1100 3776 1136 3832 et
1160 3788 1180 3830 a
1201 3771 1374 3850 prudentia
1395 3778 1454 3833 tua
1478 3778 1513 3834 et
1535 3771 1579 3834 ab

309 3866 357 3906 roo
368 3850 488 3930 ingenii
508 3851 558 3911 tui
577 3850 725 3911 candore.
769 3848 893 3911 Eadem
918 3869 1018 3930 opera
1036 3851 1240 3913 sentiendum
1261 3859 1347 3914 esset
1366 3853 1407 3915 de
1427 3852 1578 3916 omnibus

368 3930 462 3993 bonis
474 3931 585 3994 literis.
625 3930 719 4005 Quod
733 3938 843 3993 autem
857 3932 943 3994 inter
955 3932 1071 3994 harum
1084 3933 1278 4013 professores
1290 3934 1385 3997 initio
1399 3934 1579 4015 complures

367 4031 434 4108 non
461 4013 583 4110 inerint
605 4011 701 4109 alieni
725 4031 746 4108 a
768 4012 921 4110 Lutlrero,
949 4015 1070 4093 partim
1094 4015 1129 4075 in
1157 4034 1255 4077 causa
1278 4014 1344 4077 fuit
1373 4017 1578 4097 quorundam

367 4093 1580 4261 uigili{taltiliuffltizulumiffefflffli

308 4264 352 4320 ¹05
367 4256 488 4318 fabula.
545 4257 594 4318 De
619 4256 798 4320 Reuchlino
824 4259 1008 4320 meministi.
1057 4259 1155 4321 Plura
1179 4279 1239 4322 nos
1259 4260 1409 4324 vidimus.
1451 4261 1500 4325 De
1521 4263 1578 4325 illo

367 4344 479 4400 nostro
498 4357 565 4400 non
578 4358 662 4419 queo
676 4340 756 4400 satis
771 4339 921 4402 demirari
933 4340 1013 4420 quid
1026 4341 1149 4403 homini
1163 4343 1288 4404 venerit
1301 4344 1336 4405 in
1350 4351 1503 4418 mentem,
1518 4365 1578 4407 nec

400 4562 443 4622 ⁶⁴·
460 4557 529 4624 laus]
548 4558 602 4612 For
618 4560 666 4612 the
684 4562 769 4627 prsise
788 4560 817 4612 oi
834 4562 887 4614 Ber
904 4577 948 4614 see
997 4562 1045 4616 the
1055 4563 1194 4630 Erslingan
1204 4565 1284 4618 letter
1294 4567 1370 4621 there
1381 4570 1542 4622 mentioned.

368 4623 418 4692 Ep.
435 4638 507 4703 1539.
524 4639 613 4678 11-12.
1024 4644 1066 4693 91.
1084 4630 1261 4696 Iudaismum]
1274 4632 1314 4684 ci.
1328 4633 1378 4700 Ep.
1394 4638 1466 4687 1006.
1482 4649 1557 4699 142n.

401 4691 596 4823 ,metim
609 4704 811 4810 ircim„
824 4763 887 4825 ,a
918 4760 946 4811 ω
995 4696 1575 4817 nlulffffillmit‘lml

367 4793 482 4873 German
502 4860 522 4901 ·.
887 4775 906 4825 y
1030 4825 1081 4892 thy
1093 4828 1158 4879 with
1171 4780 1300 4881 Lutlrerl⁸
1312 4780 1410 4897 dllllpll
1427 4782 1453 4882 ττι
1459 4783 1574 4897 Rsryilll.

401 4902 442 4954 72·
460 4838 867 4968 addietumJGi.Ep.1539.ro
994 4842 1121 4945 Euenus
1146 4894 1253 4974 regards
1272 4895 1378 4975 himas
1397 4912 1433 4948 an
1451 4900 1574 4966 example

401 4967 441 5018 79.
460 4953 594 5019 Bohemrs]
606 4953 688 5007 seen
708 4992 715 5005 .
729 4968 801 5006 1021.
815 4958 890 5008 106n.
993 4958 1023 5008 oi
1035 4965 1200 5024 poemouuon
1212 4960 1248 5027 by
1259 4962 1305 5012 the
1316 4960 1422 5027 brgotsd
1432 4964 1572 5016 orthodox.

400 5019 441 5081 89.
459 5019 560 5085 scribe]
577 5020 634 5072 Not
647 5021 676 5071 in
716 5036 741 5087 p.
762 5023 834 5085 1693,
851 5021 902 5073 but
916 5022 945 5073 in
1028 5024 1447 5091 105-6.il10n0stro]0erstinus
