3534 5984
348 726 411 788 sos
705 718 900 782 ramnus
921 715 1199 782 orassemus
1467 714 1570 794 [1526

350 890 465 964 horum
491 885 665 949 inconditis
690 883 886 946 tumultibus
912 882 1093 963 principum
1120 901 1158 942 ac
1186 879 1369 961 praesulum
1396 881 1568 942 autoritas

350 971 489 1033 obstitit.
530 968 602 1043 Quo
619 966 750 1047 quidem
768 966 898 1027 nomine
916 964 1090 1044 plurimum
1103 961 1206 1024 debeo
1224 969 1259 1024 et
1271 968 1349 1024 tuae
1362 960 1568 1042 benignitati

350 1052 546 1132 cumprimis,
578 1048 694 1111 deinde
725 1047 965 1127 Archiepiscopi
995 1045 1144 1107 Toletani
1175 1044 1385 1123 aliorumque,
1419 1062 1566 1123 querum

305 1149 336 1207 75
350 1135 483 1195 nomina
505 1131 714 1210 studiumque
737 1131 771 1190 in
795 1148 847 1190 me
870 1147 929 1208 pro
970 1146 1065 1188 nsum
1089 1125 1133 1187 ad
1156 1146 1208 1188 me
1231 1126 1429 1223 scripserunt
1452 1126 1565 1187 amici.

352 1215 403 1277 Ex
414 1232 551 1294 quorum
561 1212 679 1275 litteris
689 1210 825 1291 cognoui
835 1209 924 1289 quod
986 1208 1106 1270 uerdus
1118 1207 1211 1281 Icus,
1223 1208 1280 1288 qui
1288 1207 1385 1269 isthic
1396 1212 1566 1269 oratorem

352 1298 421 1377 agit
443 1297 492 1357 sui
516 1295 614 1375 Regis
636 1293 775 1365 nomine,
799 1291 918 1353 librum
942 1297 1081 1371 apparat
1103 1290 1217 1352 sedere
1240 1287 1567 1352 contumeliosissime

351 1380 508 1457 scriptum
526 1378 560 1438 in
578 1396 640 1449 me,
659 1395 697 1437 ac
714 1374 852 1436 fortasse
868 1373 935 1434 iam
953 1372 1085 1434 aedidit.
1126 1371 1220 1446 Quod
1237 1372 1266 1433 si
1283 1390 1395 1433 verum
1413 1376 1475 1444 est,
1495 1389 1566 1432 non

353 1459 487 1522 auderet
507 1459 568 1521 hoo
589 1459 625 1519 in
646 1476 706 1519 sua
726 1455 898 1517 Britannia
918 1454 1007 1534 quod
1028 1454 1129 1516 sudet
1149 1455 1184 1515 in
1205 1452 1374 1533 Hispanis.
1416 1452 1508 1515 Nam
1530 1458 1568 1514 et

306 1548 341 1599 80
353 1542 474 1621 Regem
493 1547 528 1602 et
546 1538 788 1616 Card<inalem>
807 1543 843 1599 et
860 1537 1019 1617 Reginam
1037 1543 1073 1599 et
1089 1535 1295 1615 Archiepisoo
1391 1532 1566 1597 Conmm-

353 1625 513 1701 eu<sem>,
528 1621 669 1684 breuiter
682 1639 793 1682 omnes
805 1618 871 1681 lere
885 1618 1073 1699 Episcopus,
1087 1617 1192 1680 habeo
1205 1616 1284 1678 mihi
1353 1616 1551 1678 entissimos.

395 1704 609 1784 Rogabittue
680 1701 802 1774 dentis,
813 1699 900 1762 vnde
910 1702 1010 1781 igitur
1019 1696 1450 1762 istorumintetumultusl
1483 1697 1566 1759 {lb-es

354 1793 432 1848 sunt
446 1804 572 1847 causae.
662 1785 669 1798 '
688 1784 809 1845 timent
822 1784 966 1863 ipsorum
980 1800 1115 1863 regnum
1130 1801 1168 1843 ac
1183 1782 1388 1843 maiestatem
1401 1779 1566 1841 ruituram

353 1869 416 1930 nisi
437 1866 654 1948 oppresserint
674 1865 800 1945 linguas
822 1884 860 1926 ac
882 1863 985 1926 bonas
1005 1863 1141 1926 litteras.
1185 1862 1288 1942 Atqui
1312 1862 1340 1924 si
1363 1880 1417 1923 eas
1443 1859 1567 1941 vbique

308 1961 340 2019 85
354 1949 490 2012 feliciter
529 1946 761 2009 efflorescentes
802 1947 937 2008 comiter
977 1944 1257 2025 amplecterentur,
1298 1943 1398 2006 etiam
1440 1941 1567 2023 aliquid

355 2030 524 2111 dignitatis
536 2028 600 2091 illis
616 2027 791 2101 accederet,
807 2047 866 2090 uec
881 2046 997 2107 parum
1012 2025 1174 2089 vtilitatis.
1211 2024 1306 2088 Nunc
1321 2024 1400 2086 dum
1416 2025 1486 2087 sine
1500 2023 1568 2086 line

356 2113 396 2174 be
422 2113 429 2126 '
451 2116 584 2172 crentur
612 2108 766 2170 aduersus
793 2108 946 2189 politiore
972 2108 1091 2181 studia,
1121 2106 1294 2170 conciliant
1321 2106 1383 2169 sibi
1411 2125 1567 2187 magnam

356 2194 425 2255 inni
449 2194 523 2253 ‘em
556 2190 598 2252 Id
607 2197 717 2253 totum
728 2190 808 2252 mihi
818 2191 995 2271 imputant,
1007 2192 1064 2269 qui
1075 2189 1188 2252 videor
1198 2189 1248 2251 his
1259 2188 1377 2251 studiis
1388 2188 1567 2251 euchendis

357 2275 401 2337 ali
423 2273 481 2335 uid
495 2273 674 2335 adiumenti
687 2291 761 2335 mea
773 2271 934 2335 industrie
946 2271 1128 2334 contulisse.

310 2382 346 2433 90
432 2355 510 2417 ebes
529 2374 628 2416 vnam
649 2354 716 2416 odii
736 2374 877 2416 cauam.
919 2353 1034 2417 Altera
1052 2353 1212 2433 estquod
1231 2354 1266 2415 in
1285 2351 1570 2415 lucubrationibus

357 2439 438 2501 meis
462 2436 581 2499 alicubi
607 2443 687 2499 taxo
711 2435 878 2517 theologos
903 2435 1061 2516 quosdam
1087 2437 1144 2516 qui
1169 2434 1322 2516 neglectis
1347 2433 1571 2497 voluminibus

357 2520 456 2584 sacris
475 2540 513 2581 ac
533 2526 679 2581 veterum
698 2519 913 2599 interpretum
931 2518 1059 2598 scriptis
1078 2524 1311 2580 consenescunt
1328 2518 1364 2578 in
1382 2516 1571 2596 sophisticis

358 2600 627 2683 argutationibus.
664 2599 716 2661 le
731 2600 792 2662 hec
807 2600 1027 2662 admonitione
1064 2599 1185 2679 lerique
1199 2598 1341 2679 theologi
1355 2597 1453 2660 aditis
1467 2597 1570 2659 ionti·

359 2684 419 2747 bus
431 2690 467 2746 et
477 2682 639 2745 adiunctis
651 2682 744 2744 bonis
755 2681 873 2744 litteris
885 2682 987 2762 magis
998 2619 1103 2743 sobrie
1114 2688 1260 2744 tractant
1271 2682 1427 2761 mysteria
1436 2679 1572 2743 diuinae

312 2784 344 2840 95
359 2786 396 2829 sa
418 2767 547 2827 ieutiae.
583 2764 629 2826 Et
641 2764 703 2825 hoc
716 2763 889 2826 frementes
902 2764 1069 2843 imputant
1082 2763 1170 2825 mihi.

427 2848 511 2909 ertia
524 2865 623 2908 causa
635 2853 687 2907 est
700 2844 775 2907 huic
788 2845 913 2918 similis,
929 2844 1017 2925 quod
1031 2846 1065 2905 in
1078 2844 1207 2925 scriptis
1220 2844 1300 2905 meis
1314 2843 1432 2906 alicubi
1446 2842 1571 2906 dissen-

359 2929 441 2991 tiam
452 2947 473 2989 e
483 2928 591 3000 Scoto,
602 2927 738 3000 Thome,
750 2926 890 3007 Lyrano,
904 2926 1042 3006 Hugcne
1055 2947 1063 3000 ;
1088 2925 1205 2988 deinde
1215 2925 1303 3006 quod
1312 2925 1420 2988 indico
1430 2925 1572 2988 subinde

360 3010 479 3091 quibus
496 3011 531 3071 in
549 3009 645 3070 rebus
663 3010 729 3070 site
745 3009 790 3070 sit
808 3027 887 3070 vera
903 3008 1023 3088 religio.
1064 3008 1114 3070 Ea
1130 3028 1181 3070 res
1200 3009 1266 3069 vrit
1284 3007 1468 3080 monachos,
1488 3007 1571 3069 dum

360 3091 475 3153 vident
500 3109 575 3152 suos
600 3095 730 3151 autores
756 3089 894 3169 negligi:
932 3109 1015 3170 quos
1039 3096 1151 3152 tamen
1176 3109 1236 3169 ego
1260 3108 1421 3170 nusquam
1447 3088 1572 3151 damno

300 3194 349 3233 100
360 3174 396 3234 in
412 3180 532 3244 totum,
550 3171 608 3232 sed
625 3169 809 3233 melioribus
827 3178 999 3251 postpono.
1048 3171 1173 3233 Deinde
1190 3171 1334 3233 clamant
1350 3170 1573 3233 adolescentes

360 3253 452 3315 reddi
467 3272 488 3314 e
503 3252 733 3313 monachorum
747 3253 901 3313 instituto
917 3252 1092 3315 alieniores.
1130 3253 1201 3315 Imo
1217 3253 1278 3315 hoc
1293 3253 1433 3315 maxime
1447 3253 1572 3314 eratin

360 3353 429 3396 rem
450 3333 701 3409 adolescentum,
723 3339 763 3393 vt
782 3334 902 3395 scireut
922 3333 1001 3414 quid
1022 3342 1107 3397 esset
1126 3354 1204 3397 vera
1223 3334 1334 3414 religio
1354 3342 1388 3396 et
1407 3341 1572 3414 quantum
1603 3402 1611 3419 .

362 3415 449 3477 absit
468 3434 488 3476 a
507 3434 545 3475 su
586 3414 744 3487 rstitione,
764 3433 806 3476 ne
825 3433 913 3477 vana
931 3417 1033 3496 spatie
1052 3417 1184 3496 pietatis
1203 3416 1306 3478 delusi
1324 3436 1359 3478 se
1378 3416 1572 3496 praccipites

362 3497 479 3559 darent
489 3497 524 3557 in
570 3495 667 3575 'quod
679 3498 768 3557 vitae
780 3515 891 3577 genua,
904 3497 990 3560 vnde
1001 3505 1077 3579 post
1087 3497 1209 3560 frustra
1219 3518 1253 3560 se
1265 3499 1400 3577 cupiant
1410 3497 1572 3560 euolutos.

302 3578 414 3653 rossia
434 3578 519 3640 forte
582 3578 704 3639 uciores
725 3577 916 3641 haberemus
937 3581 1121 3653 monachos,
1142 3581 1200 3642 sed
1219 3581 1424 3659 synceriores.
1473 3579 1573 3642 Nunc

362 3661 440 3723 licet
468 3659 527 3721 illu
581 3659 805 3739 propheticum
837 3660 952 3735 dicere,
984 3661 1207 3742 Multiplicesti
1238 3668 1377 3741 gentem,
1409 3660 1466 3723 sed
1505 3680 1573 3723 non

364 3741 578 3885 mqgnifieasti
593 3740 765 3803 laeticiam.

438 3823 516 3886 abes
528 3824 665 3885 istorum
678 3823 880 3885 tumultuum
893 3824 1018 3887 fontem
1032 3846 1039 3898 ;
1065 3827 1122 3906 qui
1135 3831 1246 3887 tamen
1257 3824 1331 3886 ilico
1344 3825 1574 3904 conquiescent

364 3907 392 3967 si
414 3907 595 3986 principum
619 3924 657 3966 ec
679 3906 730 3966 tui
752 3904 905 3968 similium
928 3907 1086 3968 autoritas
1108 3908 1245 3969 istorum
1267 3908 1408 3987 impetus
1430 3905 1573 3987 fregerit.

304 4009 353 4049 110
366 3986 459 4062 Quod
475 3988 509 4048 ni
524 3985 593 4058 fiat,
609 3986 785 4065 periculum
801 3994 907 4049 estne
922 3989 1051 4067 grauior
1065 3995 1241 4068 tempestas
1257 3987 1299 4050 ab
1313 3989 1385 4050 istis
1399 3989 1575 4051 suscitetur

365 4088 465 4149 quam
480 4087 502 4129 a
517 4066 710 4129 Lutheranis
725 4070 885 4130 suscitata
899 4076 959 4131 est.
1009 4069 1094 4145 Quid
1109 4072 1195 4132 enim
1212 4069 1301 4132 aliud
1316 4071 1391 4131 oriri
1407 4076 1517 4150 potest
1533 4089 1573 4131 ex

365 4148 548 4212 istiusmodi
568 4149 869 4229 conspirationibus,
892 4151 1095 4225 clamoribus,
1117 4152 1417 4225 obtrectationibus,
1439 4151 1574 4214 rabiosis

365 4231 490 4304 libellis,
506 4230 676 4292 maliciosis
689 4230 867 4306 calumniis,
880 4233 943 4294 nisi
956 4233 1123 4295 dissidium
1137 4233 1251 4296 orbis?
1286 4233 1429 4296 Aedictis
1465 4232 1573 4295 uidem

366 4310 632 4391 nihilproticitur.
666 4311 737 4373 Hoc
748 4315 851 4392 magis
860 4314 1193 4388 iuueritsiansarea
1203 4315 1355 4377 maiestas
1444 4315 1574 4377 'astum

307 4417 352 4469 115
368 4393 500 4473 aliquod
517 4391 748 4454 documentum
767 4393 893 4457 dederit
909 4416 943 4458 se
961 4396 1070 4458 fauere
1087 4396 1276 4460 rectioribus
1294 4396 1420 4459 studiis.
1460 4395 1500 4457 Id
1518 4395 1576 4458 liet

367 4476 395 4537 si
413 4472 606 4554 professores
623 4473 805 4554 linguarum
823 4478 910 4538 etin
928 4476 1093 4558 Hispaniis
1111 4486 1146 4541 et
1163 4478 1300 4540 Louauii
1317 4487 1352 4541 et
1369 4478 1506 4541 Tornaci
1524 4477 1576 4539 vel

401 4637 443 4687 91.
461 4622 613 4701 alieubie¹t
632 4624 741 4676 aliare&
850 4639 893 4691 95.
912 4628 1112 4693 sapientium:
1131 4629 1301 4680 aientium.
1400 4641 1442 4691 97.
1460 4626 1577 4692 liugane

368 4692 538 4741 e¹zcorrcra
646 4694 958 4744 102.reraa¹:vareu¹.

406 4891 447 4940 74
465 4870 657 4990 'l'oletsnquee
668 4870 718 4938 Ep.
734 4875 804 4940 1748.
1038 4885 1093 4926 ror.
1111 4872 1547 4940 alienioree]cl.i}p.1183.122n.

407 4954 447 5004 75.
465 4940 554 5003 amici]
599 4937 808 5005 .Ep.1748.1n.
1038 4941 1093 4991 106.
1130 4939 1393 5006 ropheticum]1a9.
1409 4953 1433 5003 3.

407 5009 448 5070 76.
466 5002 640 5069 Ismffleen
661 5016 826 5071 .1735.21n.
1039 5006 1094 5056 116.
1111 4955 1234 5069 iorum]
1263 5005 1302 5056 Cf.
1326 5004 1395 5070 Epp.
1421 5017 1492 5068 ¹237·
1515 5016 1576 5063 2411.

408 5069 636 5134 77.librum]b'ee
670 5083 875 5135 p.1744125n.
1003 5071 1130 5134 17⁶8.88.
1495 5131 1497 5133 .
