<?xml version="1.0" encoding="UTF-8"?>
<!DOCTYPE html PUBLIC "-//W3C//DTD XHTML 1.0 Transitional//EN"
    "http://www.w3.org/TR/xhtml1/DTD/xhtml1-transitional.dtd">
<html xmlns="http://www.w3.org/1999/xhtml" xml:lang="en" lang="en">
 <head>
  <title>
</title>
<meta http-equiv="Content-Type" content="text/html;charset=utf-8" />
  <meta name='ocr-system' content='tesseract 3.04.00' />
  <meta name='ocr-capabilities' content='ocr_page ocr_carea ocr_par ocr_line ocrx_word'/>
</head>
<body>
  <div class='ocr_page' id='page_1' title='image "./opusepistolarum04garrgoog_0204.png"; bbox 0 0 3534 5984; ppageno 0'>
   <div class='ocr_carea' id='block_1_1' title="bbox 345 677 1546 757">
    <p class='ocr_par' dir='ltr' id='par_1_1' title="bbox 345 677 1546 757">
     <span class='ocr_line' id='line_1_1' title="bbox 345 677 1546 757; baseline -0.002 -16"><span class='ocrx_word' id='word_1_1' title='bbox 345 680 403 742; x_wconf 83' lang='grc'><strong>166</strong></span> <span class='ocrx_word' id='word_1_2' title='bbox 697 678 891 743; x_wconf 78' lang='lat' dir='ltr'>LETTERS</span> <span class='ocrx_word' id='word_1_3' title='bbox 913 677 969 742; x_wconf 80' lang='lat' dir='ltr'><strong>OF</strong></span> <span class='ocrx_word' id='word_1_4' title='bbox 989 678 1190 742; x_wconf 85' lang='lat' dir='ltr'><strong>ERASMUS</strong></span> <span class='ocrx_word' id='word_1_5' title='bbox 1452 681 1546 757; x_wconf 83' lang='lat'>[1525</span> 
     </span>
    </p>
   </div>
   <div class='ocr_carea' id='block_1_2' title="bbox 295 845 1566 1335">
    <p class='ocr_par' dir='ltr' id='par_1_2' title="bbox 295 845 1566 1318">
     <span class='ocr_line' id='line_1_2' title="bbox 295 845 1544 928; baseline -0.001 -19"><span class='ocrx_word' id='word_1_6' title='bbox 295 876 331 925; x_wconf 88' lang='lat'><strong>90</strong></span> <span class='ocrx_word' id='word_1_7' title='bbox 342 846 548 910; x_wconf 73' lang='lat' dir='ltr'><strong>manifestam</strong></span> <span class='ocrx_word' id='word_1_8' title='bbox 562 846 644 910; x_wconf 84' lang='lat' dir='ltr'><strong>lacit</strong></span> <span class='ocrx_word' id='word_1_9' title='bbox 656 847 828 910; x_wconf 85' lang='lat' dir='ltr'><strong>veritatem</strong></span> <span class='ocrx_word' id='word_1_10' title='bbox 839 848 925 909; x_wconf 88' lang='lat' dir='ltr'><strong>siout</strong></span> <span class='ocrx_word' id='word_1_11' title='bbox 934 865 1016 928; x_wconf 87' lang='lat' dir='ltr'><strong>pura</strong></span> <span class='ocrx_word' id='word_1_12' title='bbox 1026 853 1062 909; x_wconf 88' lang='lat' dir='ltr'><strong>et</strong></span> <span class='ocrx_word' id='word_1_13' title='bbox 1071 847 1179 909; x_wconf 89' lang='lat' dir='ltr'><strong>breuis</strong></span> <span class='ocrx_word' id='word_1_14' title='bbox 1188 848 1332 909; x_wconf 87' lang='lat' dir='ltr'><strong>narratio</strong></span> <span class='ocrx_word' id='word_1_15' title='bbox 1345 845 1363 909; x_wconf 89' lang='grc'><strong>’.</strong></span> <span class='ocrx_word' id='word_1_16' title='bbox 1400 846 1544 919; x_wconf 90' lang='lat' dir='ltr'><strong>Vtinam,</strong></span> 
     </span>
     <span class='ocr_line' id='line_1_3' title="bbox 342 928 1543 1009; baseline -0.002 -19"><span class='ocrx_word' id='word_1_17' title='bbox 342 928 443 991; x_wconf 83' lang='lat' dir='ltr'><strong>irater</strong></span> <span class='ocrx_word' id='word_1_18' title='bbox 457 935 492 992; x_wconf 90' lang='lat' dir='ltr'><strong>et</strong></span> <span class='ocrx_word' id='word_1_19' title='bbox 506 930 645 1003; x_wconf 87' lang='lat' dir='ltr'><strong>domine,</strong></span> <span class='ocrx_word' id='word_1_20' title='bbox 661 936 786 1009; x_wconf 89' lang='lat' dir='ltr'><strong>quanto</strong></span> <span class='ocrx_word' id='word_1_21' title='bbox 801 936 835 992; x_wconf 91' lang='lat' dir='ltr'><strong>te</strong></span> <span class='ocrx_word' id='word_1_22' title='bbox 850 930 980 1009; x_wconf 89' lang='lat' dir='ltr'><strong>cupiam</strong></span> <span class='ocrx_word' id='word_1_23' title='bbox 995 931 1104 991; x_wconf 90' lang='lat' dir='ltr'><strong>animo</strong></span> <span class='ocrx_word' id='word_1_24' title='bbox 1119 929 1238 1002; x_wconf 87' lang='lat' dir='ltr'><strong>videre,</strong></span> <span class='ocrx_word' id='word_1_25' title='bbox 1255 948 1314 1009; x_wconf 89' lang='lat' dir='ltr'><strong>pro</strong></span> <span class='ocrx_word' id='word_1_26' title='bbox 1330 935 1363 991; x_wconf 87' lang='lat' dir='ltr'><strong>te</strong></span> <span class='ocrx_word' id='word_1_27' title='bbox 1378 949 1522 990; x_wconf 88' lang='lat' dir='ltr'><strong>cerneres</strong></span> <span class='ocrx_word' id='word_1_28' title='bbox 1538 931 1543 987; x_wconf 76' lang='grc' dir='ltr'>Ι</span> 
     </span>
     <span class='ocr_line' id='line_1_4' title="bbox 343 1010 1546 1092; baseline 0.002 -23"><span class='ocrx_word' id='word_1_29' title='bbox 343 1028 404 1083; x_wconf 88' lang='lat' dir='ltr'><strong>me,</strong></span> <span class='ocrx_word' id='word_1_30' title='bbox 412 1013 599 1091; x_wconf 88' lang='lat' dir='ltr'><strong>nonopinor</strong></span> <span class='ocrx_word' id='word_1_31' title='bbox 607 1012 768 1073; x_wconf 90' lang='lat' dir='ltr'><strong>modosed</strong></span> <span class='ocrx_word' id='word_1_32' title='bbox 776 1018 864 1074; x_wconf 90' lang='lat' dir='ltr'><strong>certo</strong></span> <span class='ocrx_word' id='word_1_33' title='bbox 872 1013 949 1086; x_wconf 89' lang='lat' dir='ltr'><strong>seio,</strong></span> <span class='ocrx_word' id='word_1_34' title='bbox 957 1013 1127 1092; x_wconf 88' lang='lat' dir='ltr'><strong>proamico</strong></span> <span class='ocrx_word' id='word_1_35' title='bbox 1136 1011 1280 1084; x_wconf 90' lang='lat' dir='ltr'><strong>haberes,</strong></span> <span class='ocrx_word' id='word_1_36' title='bbox 1289 1011 1345 1090; x_wconf 91' lang='lat' dir='ltr'><strong>qui</strong></span> <span class='ocrx_word' id='word_1_37' title='bbox 1353 1010 1546 1073; x_wconf 86' lang='lat' dir='ltr'><strong>tuaiaoilius</strong></span> 
     </span>
     <span class='ocr_line' id='line_1_5' title="bbox 342 1092 1545 1175; baseline 0.001 -21"><span class='ocrx_word' id='word_1_38' title='bbox 342 1111 441 1174; x_wconf 90' lang='lat' dir='ltr'><strong>quam</strong></span> <span class='ocrx_word' id='word_1_39' title='bbox 453 1112 526 1155; x_wconf 89' lang='lat' dir='ltr'><strong>mea</strong></span> <span class='ocrx_word' id='word_1_40' title='bbox 536 1093 631 1155; x_wconf 86' lang='lat' dir='ltr'><strong>video</strong></span> <span class='ocrx_word' id='word_1_41' title='bbox 641 1093 793 1175; x_wconf 89' lang='lat' dir='ltr'><strong>pericula,</strong></span> <span class='ocrx_word' id='word_1_42' title='bbox 805 1113 846 1155; x_wconf 85' lang='lat' dir='ltr'><strong>ex</strong></span> <span class='ocrx_word' id='word_1_43' title='bbox 857 1096 970 1174; x_wconf 79' lang='lat' dir='ltr'><strong>paucis</strong></span> <span class='ocrx_word' id='word_1_44' title='bbox 980 1113 1063 1175; x_wconf 85' lang='lat' dir='ltr'><strong>quae</strong></span> <span class='ocrx_word' id='word_1_45' title='bbox 1074 1093 1137 1173; x_wconf 82' lang='lat' dir='ltr'><strong>legi</strong></span> <span class='ocrx_word' id='word_1_46' title='bbox 1147 1092 1188 1155; x_wconf 90' lang='lat' dir='ltr'><strong>de</strong></span> <span class='ocrx_word' id='word_1_47' title='bbox 1198 1094 1274 1166; x_wconf 91' lang='lat' dir='ltr'><strong>tuis,</strong></span> <span class='ocrx_word' id='word_1_48' title='bbox 1287 1094 1402 1155; x_wconf 87' lang='lat' dir='ltr'><strong>adhoc</strong></span> <span class='ocrx_word' id='word_1_49' title='bbox 1413 1099 1545 1155; x_wconf 86' lang='lat' dir='ltr'><strong>tantum</strong></span> 
     </span>
     <span class='ocr_line' id='line_1_6' title="bbox 342 1174 1566 1318; baseline 0.001 -82"><span class='ocrx_word' id='word_1_50' title='bbox 342 1174 479 1318; x_wconf 74' lang='lat' dir='ltr'><strong>publicis</strong></span> <span class='ocrx_word' id='word_1_51' title='bbox 508 1177 669 1237; x_wconf 87' lang='lat' dir='ltr'><strong>excitatus</strong></span> <span class='ocrx_word' id='word_1_52' title='bbox 699 1176 902 1238; x_wconf 83' lang='lat' dir='ltr'><strong>elamoribus.</strong></span> <span class='ocrx_word' id='word_1_53' title='bbox 953 1175 1067 1255; x_wconf 87' lang='lat' dir='ltr'><strong>Neque</strong></span> <span class='ocrx_word' id='word_1_54' title='bbox 1096 1177 1182 1237; x_wconf 91' lang='lat' dir='ltr'><strong>enim</strong></span> <span class='ocrx_word' id='word_1_55' title='bbox 1212 1177 1440 1237; x_wconf 72' lang='lat' dir='ltr'><strong>annotationes</strong></span> <span class='ocrx_word' id='word_1_56' title='bbox 1470 1182 1566 1246; x_wconf 55' lang='lat' dir='ltr'><strong>tuas¹</strong></span> 
     </span>
    </p>

    <p class='ocr_par' dir='ltr' id='par_1_3' title="bbox 295 1284 328 1335">
     <span class='ocr_line' id='line_1_7' title="bbox 295 1284 328 1335; baseline 0.061 -2"><span class='ocrx_word' id='word_1_57' title='bbox 295 1284 328 1335; x_wconf 80' lang='lat'><strong>95</strong></span> 
     </span>
    </p>
   </div>
   <div class='ocr_carea' id='block_1_3' title="bbox 282 1256 1547 2813">
    <p class='ocr_par' dir='ltr' id='par_1_4' title="bbox 282 1256 1547 2813">
     <span class='ocr_line' id='line_1_8' title="bbox 366 1256 1545 1338; baseline 0.001 -20"><span class='ocrx_word' id='word_1_58' title='bbox 366 1256 443 1318; x_wconf 89' lang='lat' dir='ltr'><strong>abui</strong></span> <span class='ocrx_word' id='word_1_59' title='bbox 458 1264 518 1319; x_wconf 92' lang='lat' dir='ltr'><strong>aut</strong></span> <span class='ocrx_word' id='word_1_60' title='bbox 532 1257 595 1337; x_wconf 82' lang='lat' dir='ltr'><strong>legi</strong></span> <span class='ocrx_word' id='word_1_61' title='bbox 608 1256 793 1337; x_wconf 89' lang='lat' dir='ltr'><strong>aliquando,</strong></span> <span class='ocrx_word' id='word_1_62' title='bbox 809 1257 866 1321; x_wconf 86' lang='lat' dir='ltr'><strong>ssd</strong></span> <span class='ocrx_word' id='word_1_63' title='bbox 880 1257 1044 1320; x_wconf 86' lang='lat' dir='ltr'><strong>duntaxat</strong></span> <span class='ocrx_word' id='word_1_64' title='bbox 1059 1276 1099 1319; x_wconf 90' lang='lat' dir='ltr'><strong>ea</strong></span> <span class='ocrx_word' id='word_1_65' title='bbox 1113 1257 1182 1319; x_wconf 86' lang='lat' dir='ltr'><strong>vidi</strong></span> <span class='ocrx_word' id='word_1_66' title='bbox 1197 1276 1336 1338; x_wconf 90' lang='lat' dir='ltr'><strong>quorum</strong></span> <span class='ocrx_word' id='word_1_67' title='bbox 1351 1258 1386 1319; x_wconf 91' lang='lat' dir='ltr'><strong>in</strong></span> <span class='ocrx_word' id='word_1_68' title='bbox 1400 1256 1545 1319; x_wconf 77' lang='lat' dir='ltr'><strong>articulis</strong></span> 
     </span>
     <span class='ocr_line' id='line_1_9' title="bbox 342 1338 1545 1419; baseline 0 -19"><span class='ocrx_word' id='word_1_69' title='bbox 342 1356 400 1419; x_wconf 88' lang='lat' dir='ltr'><strong>per</strong></span> <span class='ocrx_word' id='word_1_70' title='bbox 413 1358 465 1401; x_wconf 90' lang='lat' dir='ltr'><strong>me</strong></span> <span class='ocrx_word' id='word_1_71' title='bbox 478 1340 638 1419; x_wconf 85' lang='lat' dir='ltr'><strong>excerptis</strong></span> <span class='ocrx_word' id='word_1_72' title='bbox 651 1341 775 1402; x_wconf 91' lang='lat' dir='ltr'><strong>mentio</strong></span> <span class='ocrx_word' id='word_1_73' title='bbox 786 1338 835 1402; x_wconf 85' lang='lat' dir='ltr'><strong>lit.</strong></span> <span class='ocrx_word' id='word_1_74' title='bbox 871 1339 906 1403; x_wconf 89' lang='lat' dir='ltr'><strong>Si</strong></span> <span class='ocrx_word' id='word_1_75' title='bbox 919 1345 1030 1402; x_wconf 81' lang='lat' dir='ltr'><strong>sutem</strong></span> <span class='ocrx_word' id='word_1_76' title='bbox 1042 1339 1116 1401; x_wconf 91' lang='lat' dir='ltr'><strong>illae</strong></span> <span class='ocrx_word' id='word_1_77' title='bbox 1129 1340 1416 1402; x_wconf 89' lang='lat' dir='ltr'><strong>annotatiunculae</strong></span> <span class='ocrx_word' id='word_1_78' title='bbox 1429 1358 1545 1419; x_wconf 87' lang='lat' dir='ltr'><strong>parum</strong></span> 
     </span>
     <span class='ocr_line' id='line_1_10' title="bbox 343 1419 1545 1502; baseline 0 -20"><span class='ocrx_word' id='word_1_79' title='bbox 343 1422 500 1483; x_wconf 85' lang='lat' dir='ltr'><strong>momenti</strong></span> <span class='ocrx_word' id='word_1_80' title='bbox 522 1419 584 1483; x_wconf 93' lang='lat' dir='ltr'><strong>tibi</strong></span> <span class='ocrx_word' id='word_1_81' title='bbox 608 1421 781 1483; x_wconf 83' lang='lat' dir='ltr'><strong>videantur</strong></span> <span class='ocrx_word' id='word_1_82' title='bbox 803 1420 932 1496; x_wconf 88' lang='lat' dir='ltr'><strong>habere,</strong></span> <span class='ocrx_word' id='word_1_83' title='bbox 956 1423 1034 1502; x_wconf 87' lang='lat' dir='ltr'><strong>quia</strong></span> <span class='ocrx_word' id='word_1_84' title='bbox 1056 1421 1241 1483; x_wconf 89' lang='lat' dir='ltr'><strong>nullatenus</strong></span> <span class='ocrx_word' id='word_1_85' title='bbox 1264 1421 1346 1483; x_wconf 86' lang='lat' dir='ltr'><strong>velle</strong></span> <span class='ocrx_word' id='word_1_86' title='bbox 1369 1420 1481 1494; x_wconf 89' lang='lat' dir='ltr'><strong>debeo,</strong></span> <span class='ocrx_word' id='word_1_87' title='bbox 1507 1428 1545 1482; x_wconf 86' lang='lat' dir='ltr'><strong>vt</strong></span> 
     </span>
     <span class='ocr_line' id='line_1_11' title="bbox 343 1502 1545 1584; baseline 0.002 -21"><span class='ocrx_word' id='word_1_88' title='bbox 343 1521 416 1564; x_wconf 90' lang='lat' dir='ltr'><strong>mea</strong></span> <span class='ocrx_word' id='word_1_89' title='bbox 436 1504 595 1565; x_wconf 81' lang='lat' dir='ltr'><strong>monearis</strong></span> <span class='ocrx_word' id='word_1_90' title='bbox 617 1509 731 1566; x_wconf 89' lang='lat' dir='ltr'><strong>contra</strong></span> <span class='ocrx_word' id='word_1_91' title='bbox 751 1504 935 1583; x_wconf 86' lang='lat' dir='ltr'><strong>sapientum</strong></span> <span class='ocrx_word' id='word_1_92' title='bbox 957 1504 1152 1565; x_wconf 77' lang='lat' dir='ltr'><strong>sententiam</strong></span> <span class='ocrx_word' id='word_1_93' title='bbox 1174 1504 1335 1584; x_wconf 90' lang='lat' dir='ltr'><strong>opinione,</strong></span> <span class='ocrx_word' id='word_1_94' title='bbox 1357 1505 1452 1565; x_wconf 81' lang='lat' dir='ltr'><strong>mitte</strong></span> <span class='ocrx_word' id='word_1_95' title='bbox 1473 1502 1545 1564; x_wconf 84' lang='lat' dir='ltr'><strong>illas</strong></span> 
     </span>
     <span class='ocr_line' id='line_1_12' title="bbox 343 1582 1544 1665; baseline 0.001 -21"><span class='ocrx_word' id='word_1_96' title='bbox 343 1583 386 1644; x_wconf 86' lang='lat' dir='ltr'><strong>ad</strong></span> <span class='ocrx_word' id='word_1_97' title='bbox 406 1582 573 1647; x_wconf 92' lang='lat' dir='ltr'><strong>dominum</strong></span> <span class='ocrx_word' id='word_1_98' title='bbox 595 1584 790 1659; x_wconf 82' lang='lat' dir='ltr'><strong>Roliensem,</strong></span> <span class='ocrx_word' id='word_1_99' title='bbox 812 1604 910 1665; x_wconf 91' lang='lat' dir='ltr'><strong>quem</strong></span> <span class='ocrx_word' id='word_1_100' title='bbox 931 1584 1117 1665; x_wconf 82' lang='lat' dir='ltr'><strong>theologum</strong></span> <span class='ocrx_word' id='word_1_101' title='bbox 1141 1587 1455 1665; x_wconf 86' lang='lat' dir='ltr'><strong>praestantissimum</strong></span> <span class='ocrx_word' id='word_1_102' title='bbox 1479 1586 1544 1646; x_wconf 85' lang='lat' dir='ltr'><strong>exi·</strong></span> 
     </span>
     <span class='ocr_line' id='line_1_13' title="bbox 283 1665 1544 1747; baseline -0.003 -16"><span class='ocrx_word' id='word_1_103' title='bbox 283 1693 332 1731; x_wconf 88' lang='lat'><strong>100</strong></span> <span class='ocrx_word' id='word_1_104' title='bbox 343 1667 451 1741; x_wconf 87' lang='lat' dir='ltr'><strong>stimo,</strong></span> <span class='ocrx_word' id='word_1_105' title='bbox 462 1673 522 1728; x_wconf 88' lang='lat' dir='ltr'><strong>aut</strong></span> <span class='ocrx_word' id='word_1_106' title='bbox 536 1667 607 1727; x_wconf 89' lang='lat' dir='ltr'><strong>aliis</strong></span> <span class='ocrx_word' id='word_1_107' title='bbox 620 1665 655 1728; x_wconf 91' lang='lat' dir='ltr'><strong>id</strong></span> <span class='ocrx_word' id='word_1_108' title='bbox 668 1685 768 1747; x_wconf 76' lang='lat' dir='ltr'><strong>genus</strong></span> <span class='ocrx_word' id='word_1_109' title='bbox 782 1667 860 1727; x_wconf 86' lang='lat' dir='ltr'><strong>viris</strong></span> <span class='ocrx_word' id='word_1_110' title='bbox 872 1684 929 1727; x_wconf 86' lang='lat' dir='ltr'><strong>eas</strong></span> <span class='ocrx_word' id='word_1_111' title='bbox 941 1667 1153 1740; x_wconf 89' lang='lat' dir='ltr'><strong>communica,</strong></span> <span class='ocrx_word' id='word_1_112' title='bbox 1168 1673 1203 1728; x_wconf 88' lang='lat' dir='ltr'><strong>et</strong></span> <span class='ocrx_word' id='word_1_113' title='bbox 1216 1686 1349 1746; x_wconf 88' lang='lat' dir='ltr'><strong>synoere</strong></span> <span class='ocrx_word' id='word_1_114' title='bbox 1362 1667 1463 1729; x_wconf 92' lang='lat' dir='ltr'><strong>dicito</strong></span> <span class='ocrx_word' id='word_1_115' title='bbox 1476 1668 1523 1728; x_wconf 91' lang='lat' dir='ltr'><strong>eis</strong></span> <span class='ocrx_word' id='word_1_116' title='bbox 1537 1686 1544 1727; x_wconf 77' lang='grc' dir='ltr'>ε</span> 
     </span>
     <span class='ocr_line' id='line_1_14' title="bbox 344 1747 1546 1829; baseline -0.001 -19"><span class='ocrx_word' id='word_1_117' title='bbox 344 1747 417 1810; x_wconf 82' lang='lat' dir='ltr'><strong>‘En</strong></span> <span class='ocrx_word' id='word_1_118' title='bbox 440 1750 563 1810; x_wconf 89' lang='lat' dir='ltr'><strong>amicus</strong></span> <span class='ocrx_word' id='word_1_119' title='bbox 585 1747 719 1829; x_wconf 88' lang='lat' dir='ltr'><strong>quidam</strong></span> <span class='ocrx_word' id='word_1_120' title='bbox 742 1747 923 1810; x_wconf 80' lang='lat' dir='ltr'><strong>Christiane</strong></span> <span class='ocrx_word' id='word_1_121' title='bbox 946 1767 998 1809; x_wconf 91' lang='lat' dir='ltr'><strong>me</strong></span> <span class='ocrx_word' id='word_1_122' title='bbox 1021 1747 1206 1822; x_wconf 84' lang='lat' dir='ltr'><strong>exhortans,</strong></span> <span class='ocrx_word' id='word_1_123' title='bbox 1232 1749 1274 1809; x_wconf 90' lang='lat' dir='ltr'><strong>ad</strong></span> <span class='ocrx_word' id='word_1_124' title='bbox 1298 1768 1349 1810; x_wconf 92' lang='lat' dir='ltr'><strong>me</strong></span> <span class='ocrx_word' id='word_1_125' title='bbox 1373 1748 1432 1810; x_wconf 92' lang='lat' dir='ltr'><strong>hos</strong></span> <span class='ocrx_word' id='word_1_126' title='bbox 1456 1750 1546 1809; x_wconf 82' lang='lat' dir='ltr'><strong>misit</strong></span> 
     </span>
     <span class='ocr_line' id='line_1_15' title="bbox 342 1828 1545 1910; baseline 0 -19"><span class='ocrx_word' id='word_1_127' title='bbox 342 1829 495 1892; x_wconf 81' lang='lat' dir='ltr'><strong>articulos</strong></span> <span class='ocrx_word' id='word_1_128' title='bbox 513 1829 554 1891; x_wconf 92' lang='lat' dir='ltr'><strong>de</strong></span> <span class='ocrx_word' id='word_1_129' title='bbox 573 1831 653 1891; x_wconf 90' lang='lat' dir='ltr'><strong>meis</strong></span> <span class='ocrx_word' id='word_1_130' title='bbox 671 1836 839 1910; x_wconf 89' lang='lat' dir='ltr'><strong>excerptos</strong></span> <span class='ocrx_word' id='word_1_131' title='bbox 857 1828 958 1904; x_wconf 89' lang='lat' dir='ltr'><strong>libris,</strong></span> <span class='ocrx_word' id='word_1_132' title='bbox 978 1849 1121 1891; x_wconf 88' lang='lat' dir='ltr'><strong>asserens</strong></span> <span class='ocrx_word' id='word_1_133' title='bbox 1140 1849 1195 1891; x_wconf 90' lang='lat' dir='ltr'><strong>eos</strong></span> <span class='ocrx_word' id='word_1_134' title='bbox 1214 1830 1460 1910; x_wconf 87' lang='lat' dir='ltr'><strong>quamplurimis</strong></span> <span class='ocrx_word' id='word_1_135' title='bbox 1478 1849 1545 1892; x_wconf 91' lang='lat' dir='ltr'><strong>non</strong></span> 
     </span>
     <span class='ocr_line' id='line_1_16' title="bbox 341 1910 1543 2055; baseline -0.001 -82"><span class='ocrx_word' id='word_1_136' title='bbox 341 1911 613 2055; x_wconf 50' lang='lat' dir='ltr'><strong>{snsceprobtpndoa</strong></span> <span class='ocrx_word' id='word_1_137' title='bbox 646 1911 716 1991; x_wconf 76' lang='lat' dir='ltr'><strong>Ego</strong></span> <span class='ocrx_word' id='word_1_138' title='bbox 725 1917 837 1973; x_wconf 88' lang='lat' dir='ltr'><strong>autem</strong></span> <span class='ocrx_word' id='word_1_139' title='bbox 847 1910 1073 1985; x_wconf 83' lang='lat' dir='ltr'><strong>meoinfaoto,</strong></span> <span class='ocrx_word' id='word_1_140' title='bbox 1085 1931 1144 1973; x_wconf 88' lang='lat' dir='ltr'><strong>eeu</strong></span> <span class='ocrx_word' id='word_1_141' title='bbox 1154 1911 1300 1975; x_wconf 89' lang='lat' dir='ltr'><strong>homines</strong></span> <span class='ocrx_word' id='word_1_142' title='bbox 1310 1911 1375 1986; x_wconf 88' lang='lat' dir='ltr'><strong>alii,</strong></span> <span class='ocrx_word' id='word_1_143' title='bbox 1387 1913 1543 1973; x_wconf 86' lang='lat' dir='ltr'><strong>caecutio.</strong></span> 
     </span>
     <span class='ocr_line' id='line_1_17' title="bbox 442 2012 532 2054; baseline 0 0"><span class='ocrx_word' id='word_1_144' title='bbox 442 2012 488 2054; x_wconf 87' lang='lat' dir='ltr'><strong>re</strong></span> <span class='ocrx_word' id='word_1_145' title='bbox 525 2041 532 2054; x_wconf 88' lang='lat'><strong>.</strong></span> 
     </span>
     <span class='ocr_line' id='line_1_18' title="bbox 282 2072 1544 2156; baseline -0.003 -17"><span class='ocrx_word' id='word_1_146' title='bbox 282 2101 327 2155; x_wconf 81' lang='lat'><strong>¹⁰5</strong></span> <span class='ocrx_word' id='word_1_147' title='bbox 383 2072 416 2136; x_wconf 87' lang='lat' dir='ltr'><strong>Si</strong></span> <span class='ocrx_word' id='word_1_148' title='bbox 438 2076 539 2155; x_wconf 82' lang='lat' dir='ltr'><strong>egeris</strong></span> <span class='ocrx_word' id='word_1_149' title='bbox 560 2076 619 2148; x_wconf 88' lang='lat' dir='ltr'><strong>ita,</strong></span> <span class='ocrx_word' id='word_1_150' title='bbox 643 2073 762 2136; x_wconf 91' lang='lat' dir='ltr'><strong>bonam</strong></span> <span class='ocrx_word' id='word_1_151' title='bbox 784 2074 881 2138; x_wconf 83' lang='lat' dir='ltr'><strong>dete</strong></span> <span class='ocrx_word' id='word_1_152' title='bbox 903 2095 994 2156; x_wconf 87' lang='lat' dir='ltr'><strong>spem</strong></span> <span class='ocrx_word' id='word_1_153' title='bbox 1016 2076 1051 2138; x_wconf 91' lang='lat' dir='ltr'><strong>in</strong></span> <span class='ocrx_word' id='word_1_154' title='bbox 1072 2075 1213 2137; x_wconf 92' lang='lat' dir='ltr'><strong>Domino</strong></span> <span class='ocrx_word' id='word_1_155' title='bbox 1235 2075 1424 2154; x_wconf 89' lang='lat' dir='ltr'><strong>concipiam.</strong></span> <span class='ocrx_word' id='word_1_156' title='bbox 1469 2073 1544 2137; x_wconf 89' lang='lat' dir='ltr'><strong>Non</strong></span> 
     </span>
     <span class='ocr_line' id='line_1_19' title="bbox 342 2155 1545 2237; baseline 0 -20"><span class='ocrx_word' id='word_1_157' title='bbox 342 2155 559 2218; x_wconf 83' lang='lat' dir='ltr'><strong>welimsutem</strong></span> <span class='ocrx_word' id='word_1_158' title='bbox 568 2156 672 2219; x_wconf 89' lang='lat' dir='ltr'><strong>dicere</strong></span> <span class='ocrx_word' id='word_1_159' title='bbox 681 2156 823 2237; x_wconf 79' lang='lat' dir='ltr'><strong>singulos</strong></span> <span class='ocrx_word' id='word_1_160' title='bbox 854 2176 914 2220; x_wconf 89' lang='lat' dir='ltr'><strong>uos</strong></span> <span class='ocrx_word' id='word_1_161' title='bbox 923 2159 1021 2220; x_wconf 93' lang='lat' dir='ltr'><strong>mitto</strong></span> <span class='ocrx_word' id='word_1_162' title='bbox 1029 2156 1192 2231; x_wconf 86' lang='lat' dir='ltr'><strong>articulos,</strong></span> <span class='ocrx_word' id='word_1_163' title='bbox 1202 2158 1333 2219; x_wconf 92' lang='lat' dir='ltr'><strong>omnino</strong></span> <span class='ocrx_word' id='word_1_164' title='bbox 1342 2156 1545 2219; x_wconf 84' lang='lat' dir='ltr'><strong>damnandos</strong></span> 
     </span>
     <span class='ocr_line' id='line_1_20' title="bbox 342 2177 1546 2319; baseline 0.001 -19"><span class='ocrx_word' id='word_1_165' title='bbox 342 2256 433 2309; x_wconf 88' lang='lat' dir='ltr'><strong>esse;</strong></span> <span class='ocrx_word' id='word_1_166' title='bbox 468 2238 573 2301; x_wconf 90' lang='lat' dir='ltr'><strong>multa</strong></span> <span class='ocrx_word' id='word_1_167' title='bbox 593 2239 679 2301; x_wconf 89' lang='lat' dir='ltr'><strong>enim</strong></span> <span class='ocrx_word' id='word_1_168' title='bbox 702 2237 810 2301; x_wconf 73' lang='lat' dir='ltr'><strong>forsan</strong></span> <span class='ocrx_word' id='word_1_169' title='bbox 832 2177 929 2301; x_wconf 71' lang='lat' dir='ltr'><strong>laoile</strong></span> <span class='ocrx_word' id='word_1_170' title='bbox 951 2244 1089 2319; x_wconf 88' lang='lat' dir='ltr'><strong>possunt</strong></span> <span class='ocrx_word' id='word_1_171' title='bbox 1110 2239 1266 2300; x_wconf 87' lang='lat' dir='ltr'><strong>excusari.</strong></span> <span class='ocrx_word' id='word_1_172' title='bbox 1311 2237 1371 2301; x_wconf 88' lang='lat' dir='ltr'><strong>Sat</strong></span> <span class='ocrx_word' id='word_1_173' title='bbox 1393 2239 1472 2302; x_wconf 91' lang='lat' dir='ltr'><strong>mihi</strong></span> <span class='ocrx_word' id='word_1_174' title='bbox 1495 2245 1546 2301; x_wconf 95' lang='lat' dir='ltr'><strong>est</strong></span> 
     </span>
     <span class='ocr_line' id='line_1_21' title="bbox 342 2318 1545 2401; baseline 0.002 -20"><span class='ocrx_word' id='word_1_175' title='bbox 342 2318 432 2399; x_wconf 90' lang='lat' dir='ltr'><strong>quod</strong></span> <span class='ocrx_word' id='word_1_176' title='bbox 443 2321 487 2381; x_wconf 88' lang='lat' dir='ltr'><strong>sd</strong></span> <span class='ocrx_word' id='word_1_177' title='bbox 499 2326 533 2382; x_wconf 91' lang='lat' dir='ltr'><strong>te</strong></span> <span class='ocrx_word' id='word_1_178' title='bbox 544 2339 599 2382; x_wconf 88' lang='lat' dir='ltr'><strong>eos</strong></span> <span class='ocrx_word' id='word_1_179' title='bbox 611 2320 692 2401; x_wconf 83' lang='lat' dir='ltr'><strong>lego,</strong></span> <span class='ocrx_word' id='word_1_180' title='bbox 705 2326 745 2382; x_wconf 84' lang='lat' dir='ltr'><strong>vt</strong></span> <span class='ocrx_word' id='word_1_181' title='bbox 756 2322 897 2401; x_wconf 87' lang='lat' dir='ltr'><strong>sapienti</strong></span> <span class='ocrx_word' id='word_1_182' title='bbox 908 2321 988 2384; x_wconf 87' lang='lat' dir='ltr'><strong>data</strong></span> <span class='ocrx_word' id='word_1_183' title='bbox 1000 2323 1045 2384; x_wconf 84' lang='lat' dir='ltr'><strong>sit</strong></span> <span class='ocrx_word' id='word_1_184' title='bbox 1057 2322 1181 2383; x_wconf 89' lang='lat' dir='ltr'><strong>occasio</strong></span> <span class='ocrx_word' id='word_1_185' title='bbox 1194 2340 1248 2383; x_wconf 89' lang='lat' dir='ltr'><strong>eos</strong></span> <span class='ocrx_word' id='word_1_186' title='bbox 1261 2340 1335 2382; x_wconf 91' lang='lat' dir='ltr'><strong>cum</strong></span> <span class='ocrx_word' id='word_1_187' title='bbox 1348 2322 1427 2383; x_wconf 88' lang='lat' dir='ltr'><strong>viris</strong></span> <span class='ocrx_word' id='word_1_188' title='bbox 1440 2320 1545 2383; x_wconf 88' lang='lat' dir='ltr'><strong>doctis</strong></span> 
     </span>
     <span class='ocr_line' id='line_1_22' title="bbox 342 2401 1547 2484; baseline 0 -20"><span class='ocrx_word' id='word_1_189' title='bbox 342 2408 378 2463; x_wconf 90' lang='lat' dir='ltr'><strong>et</strong></span> <span class='ocrx_word' id='word_1_190' title='bbox 401 2401 495 2465; x_wconf 90' lang='lat' dir='ltr'><strong>bonis</strong></span> <span class='ocrx_word' id='word_1_191' title='bbox 519 2402 763 2465; x_wconf 88' lang='lat' dir='ltr'><strong>considerandi:</strong></span> <span class='ocrx_word' id='word_1_192' title='bbox 800 2422 866 2465; x_wconf 91' lang='lat' dir='ltr'><strong>non</strong></span> <span class='ocrx_word' id='word_1_193' title='bbox 891 2422 996 2484; x_wconf 85' lang='lat' dir='ltr'><strong>pauca</strong></span> <span class='ocrx_word' id='word_1_194' title='bbox 1019 2409 1131 2465; x_wconf 87' lang='lat' dir='ltr'><strong>tamen</strong></span> <span class='ocrx_word' id='word_1_195' title='bbox 1154 2404 1324 2466; x_wconf 91' lang='lat' dir='ltr'><strong>continent</strong></span> <span class='ocrx_word' id='word_1_196' title='bbox 1347 2423 1432 2484; x_wconf 86' lang='lat' dir='ltr'><strong>quae</strong></span> <span class='ocrx_word' id='word_1_197' title='bbox 1456 2403 1547 2465; x_wconf 90' lang='lat' dir='ltr'><strong>nulla</strong></span> 
     </span>
     <span class='ocr_line' id='line_1_23' title="bbox 282 2482 1546 2567; baseline -0.002 -18"><span class='ocrx_word' id='word_1_198' title='bbox 282 2509 331 2549; x_wconf 84' lang='lat'><strong>110</strong></span> <span class='ocrx_word' id='word_1_199' title='bbox 342 2482 464 2548; x_wconf 88' lang='lat' dir='ltr'><strong>debent</strong></span> <span class='ocrx_word' id='word_1_200' title='bbox 488 2502 586 2547; x_wconf 82' lang='lat' dir='ltr'><strong>causa</strong></span> <span class='ocrx_word' id='word_1_201' title='bbox 609 2484 750 2547; x_wconf 86' lang='lat' dir='ltr'><strong>tolerari.</strong></span> <span class='ocrx_word' id='word_1_202' title='bbox 797 2485 924 2559; x_wconf 88' lang='lat' dir='ltr'><strong>Omnia,</strong></span> <span class='ocrx_word' id='word_1_203' title='bbox 951 2486 999 2548; x_wconf 88' lang='lat' dir='ltr'><strong>ait</strong></span> <span class='ocrx_word' id='word_1_204' title='bbox 1023 2484 1200 2567; x_wconf 82' lang='lat' dir='ltr'><strong>Scriptura,</strong></span> <span class='ocrx_word' id='word_1_205' title='bbox 1225 2485 1372 2566; x_wconf 90' lang='lat' dir='ltr'><strong>probate,</strong></span> <span class='ocrx_word' id='word_1_206' title='bbox 1398 2492 1433 2547; x_wconf 89' lang='lat' dir='ltr'><strong>et</strong></span> <span class='ocrx_word' id='word_1_207' title='bbox 1458 2485 1546 2566; x_wconf 92' lang='lat' dir='ltr'><strong>quod</strong></span> 
     </span>
     <span class='ocr_line' id='line_1_24' title="bbox 343 2565 1547 2643; baseline -0.002 -14"><span class='ocrx_word' id='word_1_208' title='bbox 343 2565 465 2629; x_wconf 89' lang='lat' dir='ltr'><strong>bonum</strong></span> <span class='ocrx_word' id='word_1_209' title='bbox 476 2572 655 2630; x_wconf 87' lang='lat' dir='ltr'><strong>esttenete.</strong></span> <span class='ocrx_word' id='word_1_210' title='bbox 697 2565 787 2643; x_wconf 87' lang='lat' dir='ltr'><strong>Vale,</strong></span> <span class='ocrx_word' id='word_1_211' title='bbox 804 2586 825 2629; x_wconf 96' lang='lat' dir='ltr'><strong>o</strong></span> <span class='ocrx_word' id='word_1_212' title='bbox 840 2567 970 2630; x_wconf 90' lang='lat' dir='ltr'><strong>domine</strong></span> <span class='ocrx_word' id='word_1_213' title='bbox 985 2574 1020 2630; x_wconf 91' lang='lat' dir='ltr'><strong>et</strong></span> <span class='ocrx_word' id='word_1_214' title='bbox 1034 2567 1136 2629; x_wconf 84' lang='lat' dir='ltr'><strong>frater</strong></span> <span class='ocrx_word' id='word_1_215' title='bbox 1151 2568 1384 2631; x_wconf 89' lang='lat' dir='ltr'><strong>studiosissime</strong></span> <span class='ocrx_word' id='word_1_216' title='bbox 1403 2588 1441 2630; x_wconf 85' lang='lat' dir='ltr'><strong>ao</strong></span> <span class='ocrx_word' id='word_1_217' title='bbox 1460 2567 1547 2630; x_wconf 86' lang='lat' dir='ltr'><strong>fideli</strong></span> 
     </span>
     <span class='ocr_line' id='line_1_25' title="bbox 343 2648 649 2711; baseline 0 0"><span class='ocrx_word' id='word_1_218' title='bbox 343 2648 439 2711; x_wconf 72' lang='lat' dir='ltr'><strong>come</strong></span> <span class='ocrx_word' id='word_1_219' title='bbox 454 2649 649 2711; x_wconf 85' lang='lat' dir='ltr'><strong>charissime.</strong></span> 
     </span>
     <span class='ocr_line' id='line_1_26' title="bbox 385 2730 1438 2813; baseline 0 -20"><span class='ocrx_word' id='word_1_220' title='bbox 385 2730 436 2793; x_wconf 80' lang='lat' dir='ltr'><strong>Ex</strong></span> <span class='ocrx_word' id='word_1_221' title='bbox 448 2738 561 2794; x_wconf 88' lang='lat' dir='ltr'><strong>nostra</strong></span> <span class='ocrx_word' id='word_1_222' title='bbox 573 2730 653 2793; x_wconf 87' lang='lat' dir='ltr'><strong>cella</strong></span> <span class='ocrx_word' id='word_1_223' title='bbox 665 2731 786 2796; x_wconf 86' lang='lat' dir='ltr'><strong>Montis</strong></span> <span class='ocrx_word' id='word_1_224' title='bbox 799 2732 898 2795; x_wconf 85' lang='lat' dir='ltr'><strong>Acuti</strong></span> <span class='ocrx_word' id='word_1_225' title='bbox 910 2731 1108 2813; x_wconf 85' lang='lat' dir='ltr'><strong>Septembris</strong></span> <span class='ocrx_word' id='word_1_226' title='bbox 1125 2734 1191 2795; x_wconf 88' lang='lat' dir='ltr'><strong>.xii.</strong></span> <span class='ocrx_word' id='word_1_227' title='bbox 1204 2732 1267 2795; x_wconf 82' lang='lat' dir='ltr'><strong>An.</strong></span> <span class='ocrx_word' id='word_1_228' title='bbox 1281 2748 1438 2794; x_wconf 59' lang='lat' dir='ltr'><strong>mcxxv.</strong></span> 
     </span>
    </p>
   </div>
   <div class='ocr_carea' id='block_1_4' title="bbox 699 2837 1509 2931">
    <p class='ocr_par' dir='ltr' id='par_1_5' title="bbox 699 2837 1509 2931">
     <span class='ocr_line' id='line_1_27' title="bbox 699 2837 1509 2931; baseline -0.001 -31"><span class='ocrx_word' id='word_1_229' title='bbox 699 2839 789 2901; x_wconf 68' lang='lat' dir='ltr'><strong>&#39;Itius</strong></span> <span class='ocrx_word' id='word_1_230' title='bbox 803 2839 892 2920; x_wconf 90' lang='lat' dir='ltr'><strong>apud</strong></span> <span class='ocrx_word' id='word_1_231' title='bbox 905 2838 1012 2901; x_wconf 92' lang='lat' dir='ltr'><strong>Deum</strong></span> <span class='ocrx_word' id='word_1_232' title='bbox 1026 2847 1136 2903; x_wconf 87' lang='lat' dir='ltr'><strong>orator</strong></span> <span class='ocrx_word' id='word_1_233' title='bbox 1149 2846 1184 2903; x_wconf 90' lang='lat' dir='ltr'><strong>et</strong></span> <span class='ocrx_word' id='word_1_234' title='bbox 1197 2840 1329 2901; x_wconf 89' lang='lat' dir='ltr'><strong>amicus.</strong></span> <span class='ocrx_word' id='word_1_235' title='bbox 1345 2837 1387 2901; x_wconf 89' lang='lat' dir='ltr'><strong>N.</strong></span> <span class='ocrx_word' id='word_1_236' title='bbox 1402 2837 1509 2931; x_wconf 32' lang='lat' dir='ltr'><strong>Bodas</strong></span> 
     </span>
    </p>
   </div>
   <div class='ocr_carea' id='block_1_5' title="bbox 686 3050 1204 3118">
    <p class='ocr_par' dir='ltr' id='par_1_6' title="bbox 686 3050 1204 3118">
     <span class='ocr_line' id='line_1_28' title="bbox 686 3050 1204 3118; baseline 0.006 -3"><span class='ocrx_word' id='word_1_237' title='bbox 686 3055 780 3118; x_wconf 84' lang='grc'><strong>1616.</strong></span> <span class='ocrx_word' id='word_1_238' title='bbox 826 3051 880 3118; x_wconf 79' lang='lat' dir='ltr'><strong>To</strong></span> <span class='ocrx_word' id='word_1_239' title='bbox 902 3052 1064 3118; x_wconf 77' lang='lat' dir='ltr'><strong>Narams</strong></span> <span class='ocrx_word' id='word_1_240' title='bbox 1087 3050 1204 3118; x_wconf 76' lang='lat' dir='ltr'><strong>Bana,</strong></span> 
     </span>
    </p>
   </div>
   <div class='ocr_carea' id='block_1_6' title="bbox 377 3185 1511 3347">
    <p class='ocr_par' dir='ltr' id='par_1_7' title="bbox 377 3185 1511 3347">
     <span class='ocr_line' id='line_1_29' title="bbox 378 3185 1396 3258; baseline 0.002 -17"><span class='ocrx_word' id='word_1_241' title='bbox 378 3187 457 3258; x_wconf 89' lang='lat' dir='ltr'><strong>Opus</strong></span> <span class='ocrx_word' id='word_1_242' title='bbox 469 3185 660 3256; x_wconf 78' lang='lat' dir='ltr'><strong>Epistolarum</strong></span> <span class='ocrx_word' id='word_1_243' title='bbox 671 3203 699 3258; x_wconf 95' lang='lat' dir='ltr'><strong>p.</strong></span> <span class='ocrx_word' id='word_1_244' title='bbox 712 3200 775 3258; x_wconf 84' lang='lat'>711.</span> <span class='ocrx_word' id='word_1_245' title='bbox 1271 3187 1396 3254; x_wconf 83' lang='lat' dir='ltr'><strong>(Basia.)</strong></span> 
     </span>
     <span class='ocr_line' id='line_1_30' title="bbox 377 3273 1511 3347; baseline 0.004 -17"><span class='ocrx_word' id='word_1_246' title='bbox 377 3274 413 3331; x_wconf 88' lang='lat' dir='ltr'><strong>N.</strong></span> <span class='ocrx_word' id='word_1_247' title='bbox 426 3291 455 3346; x_wconf 92' lang='lat' dir='ltr'><strong>p.</strong></span> <span class='ocrx_word' id='word_1_248' title='bbox 467 3274 539 3345; x_wconf 87' lang='lat'>678:</span> <span class='ocrx_word' id='word_1_249' title='bbox 563 3274 652 3330; x_wconf 72' lang='lat' dir='ltr'><strong>Iano</strong></span> <span class='ocrx_word' id='word_1_250' title='bbox 665 3274 791 3346; x_wconf 83' lang='lat' dir='ltr'><strong>xix.97:</strong></span> <span class='ocrx_word' id='word_1_251' title='bbox 815 3273 873 3330; x_wconf 89' lang='lat' dir='ltr'><strong>LB.</strong></span> <span class='ocrx_word' id='word_1_252' title='bbox 886 3274 948 3346; x_wconf 82' lang='lat'><strong>784.</strong></span> <span class='ocrx_word' id='word_1_253' title='bbox 1158 3280 1198 3340; x_wconf 81' lang='lat' dir='ltr'><strong>&lt;a</strong></span> <span class='ocrx_word' id='word_1_254' title='bbox 1212 3273 1376 3347; x_wconf 86' lang='lat' dir='ltr'><strong>September</strong></span> <span class='ocrx_word' id='word_1_255' title='bbox 1388 3281 1418 3342; x_wconf 78' lang='lat' dir='ltr'><strong>l&gt;</strong></span> <span class='ocrx_word' id='word_1_256' title='bbox 1433 3291 1511 3347; x_wconf 83' lang='lat'><strong>1525.</strong></span> 
     </span>
    </p>
   </div>
   <div class='ocr_carea' id='block_1_7' title="bbox 341 3393 1551 4315">
    <p class='ocr_par' dir='ltr' id='par_1_8' title="bbox 341 3393 1551 4315">
     <span class='ocr_line' id='line_1_31' title="bbox 356 3393 1550 3510; baseline 0.001 -63"><span class='ocrx_word' id='word_1_257' title='bbox 356 3394 444 3510; x_wconf 72' lang='lat' dir='ltr'><strong>11⁸[l&#39;ha</strong></span> <span class='ocrx_word' id='word_1_258' title='bbox 455 3410 586 3474; x_wconf 69' lang='lat' dir='ltr'><strong>wquenoe</strong></span> <span class='ocrx_word' id='word_1_259' title='bbox 597 3393 626 3446; x_wconf 84' lang='lat' dir='ltr'><strong>oi</strong></span> <span class='ocrx_word' id='word_1_260' title='bbox 637 3394 772 3474; x_wconf 55' lang='lat' dir='ltr'><strong>humus</strong></span> <span class='ocrx_word' id='word_1_261' title='bbox 786 3394 1010 3461; x_wconf 77' lang='lat' dir='ltr'><strong>comespondanoa</strong></span> <span class='ocrx_word' id='word_1_262' title='bbox 1021 3395 1088 3447; x_wconf 91' lang='lat' dir='ltr'><strong>with</strong></span> <span class='ocrx_word' id='word_1_263' title='bbox 1099 3394 1175 3447; x_wconf 79' lang='lat' dir='ltr'><strong>Beda</strong></span> <span class='ocrx_word' id='word_1_264' title='bbox 1185 3396 1214 3447; x_wconf 90' lang='lat' dir='ltr'><strong>in</strong></span> <span class='ocrx_word' id='word_1_265' title='bbox 1228 3409 1290 3461; x_wconf 78' lang='lat'>1525</span> <span class='ocrx_word' id='word_1_266' title='bbox 1305 3397 1328 3447; x_wconf 89' lang='lat' dir='ltr'><strong>is</strong></span> <span class='ocrx_word' id='word_1_267' title='bbox 1339 3396 1479 3449; x_wconf 77' lang='lat' dir='ltr'><strong>unbrolsen</strong></span> <span class='ocrx_word' id='word_1_268' title='bbox 1490 3416 1497 3458; x_wconf 72' lang='grc' dir='ltr'>ς</span> <span class='ocrx_word' id='word_1_269' title='bbox 1520 3414 1550 3448; x_wconf 88' lang='lat' dir='ltr'><strong>so</strong></span> 
     </span>
     <span class='ocr_line' id='line_1_32' title="bbox 342 3460 1550 3607; baseline 0.001 -30"><span class='ocrx_word' id='word_1_270' title='bbox 342 3460 985 3605; x_wconf 44' lang='lat' dir='ltr'><strong>nilucuunsislnw</strong></span> <span class='ocrx_word' id='word_1_271' title='bbox 995 3476 1069 3579; x_wconf 69' lang='lat' dir='ltr'><strong>u:</strong></span> <span class='ocrx_word' id='word_1_272' title='bbox 1083 3461 1337 3606; x_wconf 58' lang='lat' dir='ltr'><strong>affin</strong></span> <span class='ocrx_word' id='word_1_273' title='bbox 1348 3468 1550 3607; x_wconf 54' lang='lat' dir='ltr'><strong>uiaret</strong></span> 
     </span>
     <span class='ocr_line' id='line_1_33' title="bbox 342 3591 1550 3708; baseline 0.002 -67"><span class='ocrx_word' id='word_1_274' title='bbox 342 3594 421 3708; x_wconf 44' lang='lat'><strong>371)</strong></span> <span class='ocrx_word' id='word_1_275' title='bbox 432 3610 440 3653; x_wconf 69' lang='grc' dir='ltr'>ς</span> <span class='ocrx_word' id='word_1_276' title='bbox 460 3593 516 3644; x_wconf 87' lang='lat' dir='ltr'><strong>end</strong></span> <span class='ocrx_word' id='word_1_277' title='bbox 525 3592 595 3644; x_wconf 84' lang='lat' dir='ltr'><strong>irem</strong></span> <span class='ocrx_word' id='word_1_278' title='bbox 606 3593 653 3644; x_wconf 90' lang='lat' dir='ltr'><strong>the</strong></span> <span class='ocrx_word' id='word_1_279' title='bbox 663 3598 725 3679; x_wconf 62' lang='lat' dir='ltr'><strong>ouft</strong></span> <span class='ocrx_word' id='word_1_280' title='bbox 734 3591 849 3671; x_wconf 76' lang='lat' dir='ltr'><strong>allusion</strong></span> <span class='ocrx_word' id='word_1_281' title='bbox 859 3608 888 3644; x_wconf 88' lang='lat' dir='ltr'><strong>m</strong></span> <span class='ocrx_word' id='word_1_282' title='bbox 923 3608 949 3659; x_wconf 90' lang='lat' dir='ltr'><strong>p.</strong></span> <span class='ocrx_word' id='word_1_283' title='bbox 964 3597 1028 3657; x_wconf 85' lang='lat'>1642</span> <span class='ocrx_word' id='word_1_284' title='bbox 1039 3599 1070 3644; x_wconf 90' lang='lat' dir='ltr'><strong>to</strong></span> <span class='ocrx_word' id='word_1_285' title='bbox 1080 3592 1127 3644; x_wconf 89' lang='lat' dir='ltr'><strong>the</strong></span> <span class='ocrx_word' id='word_1_286' title='bbox 1138 3592 1276 3671; x_wconf 74' lang='lat' dir='ltr'><strong>Bpsaupon</strong></span> <span class='ocrx_word' id='word_1_287' title='bbox 1286 3598 1366 3671; x_wconf 44' lang='lat' dir='ltr'><strong>vluit..</strong></span> <span class='ocrx_word' id='word_1_288' title='bbox 1371 3592 1458 3644; x_wconf 82' lang='lat' dir='ltr'><strong>which</strong></span> <span class='ocrx_word' id='word_1_289' title='bbox 1469 3610 1492 3645; x_wconf 82' lang='lat' dir='ltr'><strong>rs</strong></span> <span class='ocrx_word' id='word_1_290' title='bbox 1503 3594 1550 3644; x_wconf 91' lang='lat' dir='ltr'><strong>the</strong></span> 
     </span>
     <span class='ocr_line' id='line_1_34' title="bbox 341 3657 1550 3792; baseline 0 -17"><span class='ocrx_word' id='word_1_291' title='bbox 341 3657 700 3792; x_wconf 55' lang='lat' dir='ltr'><strong>afflhilhffrffl</strong></span> <span class='ocrx_word' id='word_1_292' title='bbox 709 3675 765 3775; x_wconf 72' lang='lat' dir='ltr'><strong>lin</strong></span> <span class='ocrx_word' id='word_1_293' title='bbox 774 3722 863 3784; x_wconf 68' lang='lat' dir='ltr'><strong>latur,</strong></span> <span class='ocrx_word' id='word_1_294' title='bbox 875 3657 1023 3790; x_wconf 59' lang='lat' dir='ltr'><strong>{iffi</strong></span> <span class='ocrx_word' id='word_1_295' title='bbox 1030 3657 1260 3803; x_wconf 52' lang='lat' dir='ltr'><strong>Sulllllslll</strong></span> <span class='ocrx_word' id='word_1_296' title='bbox 1265 3659 1550 3777; x_wconf 58' lang='lat' dir='ltr'><strong>fflflffiffi</strong></span> 
     </span>
     <span class='ocr_line' id='line_1_35' title="bbox 342 3788 1549 3851; baseline 0.002 -11"><span class='ocrx_word' id='word_1_297' title='bbox 342 3788 399 3841; x_wconf 89' lang='lat' dir='ltr'><strong>&#39;l&#39;he</strong></span> <span class='ocrx_word' id='word_1_298' title='bbox 410 3789 495 3841; x_wconf 89' lang='lat' dir='ltr'><strong>limita</strong></span> <span class='ocrx_word' id='word_1_299' title='bbox 507 3790 536 3841; x_wconf 83' lang='lat' dir='ltr'><strong>ol</strong></span> <span class='ocrx_word' id='word_1_300' title='bbox 547 3791 614 3842; x_wconf 89' lang='lat' dir='ltr'><strong>time</strong></span> <span class='ocrx_word' id='word_1_301' title='bbox 626 3806 677 3841; x_wconf 80' lang='lat' dir='ltr'><strong>cau</strong></span> <span class='ocrx_word' id='word_1_302' title='bbox 689 3789 723 3841; x_wconf 89' lang='lat' dir='ltr'><strong>be</strong></span> <span class='ocrx_word' id='word_1_303' title='bbox 734 3789 841 3841; x_wconf 88' lang='lat' dir='ltr'><strong>lurther</strong></span> <span class='ocrx_word' id='word_1_304' title='bbox 852 3790 1026 3851; x_wconf 74' lang='lat' dir='ltr'><strong>oontraoted3</strong></span> <span class='ocrx_word' id='word_1_305' title='bbox 1047 3788 1090 3841; x_wconf 84' lang='lat' dir='ltr'><strong>ior</strong></span> <span class='ocrx_word' id='word_1_306' title='bbox 1102 3789 1123 3840; x_wconf 85' lang='lat' dir='ltr'><strong>rl</strong></span> <span class='ocrx_word' id='word_1_307' title='bbox 1135 3789 1191 3841; x_wconf 84' lang='lat' dir='ltr'><strong>tlus</strong></span> <span class='ocrx_word' id='word_1_308' title='bbox 1202 3789 1283 3842; x_wconf 84' lang='lat' dir='ltr'><strong>latter</strong></span> <span class='ocrx_word' id='word_1_309' title='bbox 1293 3789 1349 3841; x_wconf 82' lang='lat' dir='ltr'><strong>had</strong></span> <span class='ocrx_word' id='word_1_310' title='bbox 1362 3791 1430 3842; x_wconf 91' lang='lat' dir='ltr'><strong>been</strong></span> <span class='ocrx_word' id='word_1_311' title='bbox 1442 3793 1549 3842; x_wconf 83' lang='lat' dir='ltr'><strong>written</strong></span> 
     </span>
     <span class='ocr_line' id='line_1_36' title="bbox 342 3854 1550 3922; baseline 0 -15"><span class='ocrx_word' id='word_1_312' title='bbox 342 3855 433 3907; x_wconf 83' lang='lat' dir='ltr'><strong>beiore</strong></span> <span class='ocrx_word' id='word_1_313' title='bbox 449 3856 500 3922; x_wconf 83' lang='lat' dir='ltr'><strong>Ep.</strong></span> <span class='ocrx_word' id='word_1_314' title='bbox 521 3859 595 3920; x_wconf 79' lang='lat'><strong>¹59⁶.</strong></span> <span class='ocrx_word' id='word_1_315' title='bbox 612 3855 740 3907; x_wconf 80' lang='lat' dir='ltr'><strong>Erasmus</strong></span> <span class='ocrx_word' id='word_1_316' title='bbox 757 3854 846 3906; x_wconf 82' lang='lat' dir='ltr'><strong>would</strong></span> <span class='ocrx_word' id='word_1_317' title='bbox 862 3855 995 3922; x_wconf 78' lang='lat' dir='ltr'><strong>probably</strong></span> <span class='ocrx_word' id='word_1_318' title='bbox 1011 3854 1080 3907; x_wconf 87' lang='lat' dir='ltr'><strong>have</strong></span> <span class='ocrx_word' id='word_1_319' title='bbox 1096 3855 1251 3907; x_wconf 87' lang='lat' dir='ltr'><strong>mentioned</strong></span> <span class='ocrx_word' id='word_1_320' title='bbox 1267 3858 1291 3906; x_wconf 89' lang='lat' dir='ltr'><strong>it</strong></span> <span class='ocrx_word' id='word_1_321' title='bbox 1307 3856 1391 3916; x_wconf 87' lang='lat' dir='ltr'><strong>there,</strong></span> <span class='ocrx_word' id='word_1_322' title='bbox 1410 3857 1486 3909; x_wconf 89' lang='lat' dir='ltr'><strong>when</strong></span> <span class='ocrx_word' id='word_1_323' title='bbox 1503 3857 1550 3908; x_wconf 88' lang='lat' dir='ltr'><strong>the</strong></span> 
     </span>
     <span class='ocr_line' id='line_1_37' title="bbox 342 3921 1550 3989; baseline 0.002 -17"><span class='ocrx_word' id='word_1_324' title='bbox 342 3921 495 3987; x_wconf 77' lang='lat' dir='ltr'><strong>wandering</strong></span> <span class='ocrx_word' id='word_1_325' title='bbox 504 3922 532 3973; x_wconf 86' lang='lat' dir='ltr'><strong>ol</strong></span> <span class='ocrx_word' id='word_1_326' title='bbox 541 3922 592 3989; x_wconf 83' lang='lat' dir='ltr'><strong>llp.</strong></span> <span class='ocrx_word' id='word_1_327' title='bbox 604 3923 665 3987; x_wconf 80' lang='lat'>¹5⁸¹</span> <span class='ocrx_word' id='word_1_328' title='bbox 679 3921 723 3973; x_wconf 90' lang='lat' dir='ltr'><strong>led</strong></span> <span class='ocrx_word' id='word_1_329' title='bbox 732 3921 788 3973; x_wconf 86' lang='lat' dir='ltr'><strong>him</strong></span> <span class='ocrx_word' id='word_1_330' title='bbox 797 3926 829 3973; x_wconf 84' lang='lat' dir='ltr'><strong>to</strong></span> <span class='ocrx_word' id='word_1_331' title='bbox 837 3922 934 3973; x_wconf 84' lang='lat' dir='ltr'><strong>review</strong></span> <span class='ocrx_word' id='word_1_332' title='bbox 943 3921 990 3973; x_wconf 86' lang='lat' dir='ltr'><strong>the</strong></span> <span class='ocrx_word' id='word_1_333' title='bbox 998 3936 1090 3972; x_wconf 87' lang='lat' dir='ltr'><strong>course</strong></span> <span class='ocrx_word' id='word_1_334' title='bbox 1099 3921 1128 3973; x_wconf 82' lang='lat' dir='ltr'><strong>ol</strong></span> <span class='ocrx_word' id='word_1_335' title='bbox 1136 3921 1184 3973; x_wconf 87' lang='lat' dir='ltr'><strong>tha</strong></span> <span class='ocrx_word' id='word_1_336' title='bbox 1193 3921 1425 3988; x_wconf 80' lang='lat' dir='ltr'><strong>correspondenee.</strong></span> <span class='ocrx_word' id='word_1_337' title='bbox 1452 3923 1476 3973; x_wconf 84' lang='grc' dir='ltr'><strong>Δ</strong></span> <span class='ocrx_word' id='word_1_338' title='bbox 1486 3922 1550 3974; x_wconf 87' lang='lat' dir='ltr'><strong>date</strong></span> 
     </span>
     <span class='ocr_line' id='line_1_38' title="bbox 342 3986 1550 4103; baseline 0 -65"><span class='ocrx_word' id='word_1_339' title='bbox 342 3987 371 4038; x_wconf 88' lang='lat' dir='ltr'><strong>in</strong></span> <span class='ocrx_word' id='word_1_340' title='bbox 380 3987 538 4054; x_wconf 75' lang='lat' dir='ltr'><strong>September</strong></span> <span class='ocrx_word' id='word_1_341' title='bbox 548 4003 612 4053; x_wconf 77' lang='lat' dir='ltr'><strong>may</strong></span> <span class='ocrx_word' id='word_1_342' title='bbox 622 3987 754 4038; x_wconf 75' lang='lat' dir='ltr'><strong>therefore</strong></span> <span class='ocrx_word' id='word_1_343' title='bbox 765 3987 799 4039; x_wconf 87' lang='lat' dir='ltr'><strong>be</strong></span> <span class='ocrx_word' id='word_1_344' title='bbox 809 3986 989 4103; x_wconf 52' lang='lat' dir='ltr'><strong>oonLeotursd.</strong></span> <span class='ocrx_word' id='word_1_345' title='bbox 1001 3986 1120 4038; x_wconf 85' lang='lat' dir='ltr'><strong>between</strong></span> <span class='ocrx_word' id='word_1_346' title='bbox 1131 3987 1201 4103; x_wconf 63' lang='lat' dir='ltr'><strong>Elpp.</strong></span> <span class='ocrx_word' id='word_1_347' title='bbox 1215 3991 1281 4051; x_wconf 81' lang='lat'>1596</span> <span class='ocrx_word' id='word_1_348' title='bbox 1291 3988 1346 4039; x_wconf 85' lang='lat' dir='ltr'><strong>sud</strong></span> <span class='ocrx_word' id='word_1_349' title='bbox 1359 3992 1424 4040; x_wconf 69' lang='lat' dir='ltr'><strong>ruso</strong></span> <span class='ocrx_word' id='word_1_350' title='bbox 1435 4007 1442 4040; x_wconf 76' lang='grc' dir='ltr'><strong><em>ε</em></strong></span> <span class='ocrx_word' id='word_1_351' title='bbox 1463 3988 1550 4040; x_wconf 82' lang='lat' dir='ltr'><strong>which</strong></span> 
     </span>
     <span class='ocr_line' id='line_1_39' title="bbox 341 4051 1551 4106; baseline -0.001 -1"><span class='ocrx_word' id='word_1_352' title='bbox 341 4054 457 4105; x_wconf 82' lang='lat' dir='ltr'><strong>receives</strong></span> <span class='ocrx_word' id='word_1_353' title='bbox 469 4068 543 4104; x_wconf 86' lang='lat' dir='ltr'><strong>some</strong></span> <span class='ocrx_word' id='word_1_354' title='bbox 555 4052 756 4104; x_wconf 82' lang='lat' dir='ltr'><strong>corroboration</strong></span> <span class='ocrx_word' id='word_1_355' title='bbox 767 4052 837 4104; x_wconf 78' lang='lat' dir='ltr'><strong>from</strong></span> <span class='ocrx_word' id='word_1_356' title='bbox 849 4058 864 4103; x_wconf 92' lang='lat' dir='ltr'><strong>t</strong></span> <span class='ocrx_word' id='word_1_357' title='bbox 882 4069 898 4105; x_wconf 87' lang='lat' dir='ltr'><strong>a</strong></span> <span class='ocrx_word' id='word_1_358' title='bbox 910 4051 1088 4104; x_wconf 78' lang='lat' dir='ltr'><strong>resemblance</strong></span> <span class='ocrx_word' id='word_1_359' title='bbox 1101 4052 1129 4103; x_wconf 79' lang='lat' dir='ltr'><strong>oi</strong></span> <span class='ocrx_word' id='word_1_360' title='bbox 1166 4052 1277 4104; x_wconf 83' lang='lat' dir='ltr'><strong>rasmus&#39;</strong></span> <span class='ocrx_word' id='word_1_361' title='bbox 1291 4053 1379 4104; x_wconf 83' lang='lat' dir='ltr'><strong>words</strong></span> <span class='ocrx_word' id='word_1_362' title='bbox 1391 4053 1454 4105; x_wconf 90' lang='lat' dir='ltr'><strong>here</strong></span> <span class='ocrx_word' id='word_1_363' title='bbox 1466 4053 1551 4106; x_wconf 81' lang='lat' dir='ltr'><strong>about</strong></span> 
     </span>
     <span class='ocr_line' id='line_1_40' title="bbox 342 4117 1551 4185; baseline 0.001 -16"><span class='ocrx_word' id='word_1_364' title='bbox 342 4117 389 4169; x_wconf 89' lang='lat' dir='ltr'><strong>the</strong></span> <span class='ocrx_word' id='word_1_365' title='bbox 402 4123 503 4184; x_wconf 75' lang='lat' dir='ltr'><strong>tongue</strong></span> <span class='ocrx_word' id='word_1_366' title='bbox 516 4117 554 4181; x_wconf 79' lang='lat' dir='ltr'><strong>(lt</strong></span> <span class='ocrx_word' id='word_1_367' title='bbox 573 4120 682 4181; x_wconf 82' lang='lat' dir='ltr'><strong>139-40l</strong></span> <span class='ocrx_word' id='word_1_368' title='bbox 696 4123 727 4169; x_wconf 93' lang='lat' dir='ltr'><strong>to</strong></span> <span class='ocrx_word' id='word_1_369' title='bbox 740 4134 865 4185; x_wconf 75' lang='lat' dir='ltr'><strong>passages</strong></span> <span class='ocrx_word' id='word_1_370' title='bbox 878 4124 909 4170; x_wconf 80' lang='lat' dir='ltr'><strong>at</strong></span> <span class='ocrx_word' id='word_1_371' title='bbox 922 4118 968 4169; x_wconf 88' lang='lat' dir='ltr'><strong>the</strong></span> <span class='ocrx_word' id='word_1_372' title='bbox 1031 4119 1037 4131; x_wconf 82' lang='lat'><strong><em>&#39;</em></strong></span> <span class='ocrx_word' id='word_1_373' title='bbox 1078 4119 1084 4131; x_wconf 74' lang='lat'>⁸</span> <span class='ocrx_word' id='word_1_374' title='bbox 1132 4118 1161 4168; x_wconf 84' lang='lat' dir='ltr'><strong>oi</strong></span> <span class='ocrx_word' id='word_1_375' title='bbox 1171 4118 1219 4170; x_wconf 89' lang='lat' dir='ltr'><strong>the</strong></span> <span class='ocrx_word' id='word_1_376' title='bbox 1229 4118 1341 4181; x_wconf 65' lang='lat' dir='ltr'><strong>Lissas,</strong></span> <span class='ocrx_word' id='word_1_377' title='bbox 1353 4118 1440 4170; x_wconf 87' lang='lat' dir='ltr'><strong>which</strong></span> <span class='ocrx_word' id='word_1_378' title='bbox 1451 4119 1485 4170; x_wconf 93' lang='lat' dir='ltr'><strong>he</strong></span> <span class='ocrx_word' id='word_1_379' title='bbox 1496 4119 1551 4170; x_wconf 80' lang='lat' dir='ltr'><strong>had</strong></span> 
     </span>
     <span class='ocr_line' id='line_1_41' title="bbox 341 4182 1551 4315; baseline -0.001 -81"><span class='ocrx_word' id='word_1_380' title='bbox 341 4183 532 4300; x_wconf 54' lang='lat' dir='ltr'><strong>gpphplepptdwip</strong></span> <span class='ocrx_word' id='word_1_381' title='bbox 534 4182 827 4315; x_wconf 39' lang='lat' dir='ltr'><strong>ipuffitlssmzlb</strong></span> <span class='ocrx_word' id='word_1_382' title='bbox 836 4185 911 4300; x_wconf 50' lang='lat' dir='ltr'><strong>1²{lut1</strong></span> <span class='ocrx_word' id='word_1_383' title='bbox 915 4186 949 4312; x_wconf 74' lang='lat' dir='ltr'><strong>16t4</strong></span> <span class='ocrx_word' id='word_1_384' title='bbox 949 4183 998 4313; x_wconf 57' lang='lat' dir='ltr'><strong>{hp</strong></span> <span class='ocrx_word' id='word_1_385' title='bbox 1055 4183 1089 4235; x_wconf 86' lang='lat' dir='ltr'><strong>be</strong></span> <span class='ocrx_word' id='word_1_386' title='bbox 1098 4183 1181 4235; x_wconf 78' lang='lat' dir='ltr'><strong>noted</strong></span> <span class='ocrx_word' id='word_1_387' title='bbox 1191 4183 1255 4235; x_wconf 83' lang='lat' dir='ltr'><strong>that</strong></span> <span class='ocrx_word' id='word_1_388' title='bbox 1265 4184 1340 4235; x_wconf 85' lang='lat' dir='ltr'><strong>there</strong></span> <span class='ocrx_word' id='word_1_389' title='bbox 1350 4186 1374 4235; x_wconf 89' lang='lat' dir='ltr'><strong>is</strong></span> <span class='ocrx_word' id='word_1_390' title='bbox 1384 4200 1420 4236; x_wconf 89' lang='lat' dir='ltr'><strong>no</strong></span> <span class='ocrx_word' id='word_1_391' title='bbox 1431 4186 1551 4236; x_wconf 88' lang='lat' dir='ltr'><strong>mention</strong></span> 
     </span>
     <span class='ocr_line' id='line_1_42' title="bbox 657 4265 974 4315; baseline 0 -16"><span class='ocrx_word' id='word_1_392' title='bbox 657 4265 671 4299; x_wconf 87' lang='lat' dir='ltr'><strong>s</strong></span> <span class='ocrx_word' id='word_1_393' title='bbox 860 4265 887 4315; x_wconf 88' lang='lat' dir='ltr'><strong>p.</strong></span> <span class='ocrx_word' id='word_1_394' title='bbox 968 4286 974 4299; x_wconf 95' lang='lat'>.</span> 
     </span>
    </p>
   </div>
   <div class='ocr_carea' id='block_1_8' title="bbox 617 4378 1272 4425">
    <p class='ocr_par' dir='ltr' id='par_1_9' title="bbox 617 4378 1272 4425">
     <span class='ocr_line' id='line_1_43' title="bbox 617 4378 1272 4425; baseline 0.002 -1"><span class='ocrx_word' id='word_1_395' title='bbox 617 4378 771 4425; x_wconf 70' lang='lat' dir='ltr'><strong>anama</strong></span> <span class='ocrx_word' id='word_1_396' title='bbox 792 4380 867 4424; x_wconf 79' lang='lat' dir='ltr'><strong>RO&#39;l&#39;.</strong></span> <span class='ocrx_word' id='word_1_397' title='bbox 890 4378 1015 4424; x_wconf 72' lang='lat' dir='ltr'><strong>namn</strong></span> <span class='ocrx_word' id='word_1_398' title='bbox 1036 4378 1176 4424; x_wconf 70' lang='lat' dir='ltr'><strong>sunm</strong></span> <span class='ocrx_word' id='word_1_399' title='bbox 1197 4379 1225 4425; x_wconf 83' lang='lat' dir='ltr'><strong>S.</strong></span> <span class='ocrx_word' id='word_1_400' title='bbox 1239 4380 1272 4425; x_wconf 90' lang='lat' dir='ltr'><strong>D.</strong></span> 
     </span>
    </p>
   </div>
   <div class='ocr_carea' id='block_1_9' title="bbox 342 4476 1549 4640">
    <p class='ocr_par' dir='ltr' id='par_1_10' title="bbox 342 4476 1549 4640">
     <span class='ocr_line' id='line_1_44' title="bbox 383 4476 1549 4558; baseline 0.003 -19"><span class='ocrx_word' id='word_1_401' title='bbox 383 4476 437 4539; x_wconf 84' lang='lat' dir='ltr'><strong>Ex</strong></span> <span class='ocrx_word' id='word_1_402' title='bbox 472 4476 574 4539; x_wconf 81' lang='lat' dir='ltr'><strong>literis</strong></span> <span class='ocrx_word' id='word_1_403' title='bbox 611 4497 693 4558; x_wconf 89' lang='lat' dir='ltr'><strong>quaa</strong></span> <span class='ocrx_word' id='word_1_404' title='bbox 729 4477 845 4540; x_wconf 89' lang='lat' dir='ltr'><strong>Petrus</strong></span> <span class='ocrx_word' id='word_1_405' title='bbox 882 4476 1063 4539; x_wconf 82' lang='lat' dir='ltr'><strong>Richardus</strong></span> <span class='ocrx_word' id='word_1_406' title='bbox 1099 4479 1229 4558; x_wconf 87' lang='lat' dir='ltr'><strong>scripsit</strong></span> <span class='ocrx_word' id='word_1_407' title='bbox 1264 4479 1307 4540; x_wconf 86' lang='lat' dir='ltr'><strong>ad</strong></span> <span class='ocrx_word' id='word_1_408' title='bbox 1348 4478 1549 4542; x_wconf 88' lang='lat' dir='ltr'><strong>Ludouicum</strong></span> 
     </span>
     <span class='ocr_line' id='line_1_45' title="bbox 342 4558 1549 4640; baseline 0.002 -20"><span class='ocrx_word' id='word_1_409' title='bbox 342 4558 472 4633; x_wconf 86' lang='lat' dir='ltr'><strong>Bemm,</strong></span> <span class='ocrx_word' id='word_1_410' title='bbox 499 4558 644 4640; x_wconf 83' lang='lat' dir='ltr'><strong>intelligo</strong></span> <span class='ocrx_word' id='word_1_411' title='bbox 669 4560 777 4622; x_wconf 90' lang='lat' dir='ltr'><strong>neseio</strong></span> <span class='ocrx_word' id='word_1_412' title='bbox 801 4558 881 4640; x_wconf 91' lang='lat' dir='ltr'><strong>quid</strong></span> <span class='ocrx_word' id='word_1_413' title='bbox 904 4560 1026 4622; x_wconf 85' lang='lat' dir='ltr'><strong>sinistri</strong></span> <span class='ocrx_word' id='word_1_414' title='bbox 1047 4561 1184 4622; x_wconf 91' lang='lat' dir='ltr'><strong>rumoris</strong></span> <span class='ocrx_word' id='word_1_415' title='bbox 1207 4561 1315 4623; x_wconf 89' lang='lat' dir='ltr'><strong>isthuc</strong></span> <span class='ocrx_word' id='word_1_416' title='bbox 1338 4561 1484 4625; x_wconf 85' lang='lat' dir='ltr'><strong>delatum</strong></span> <span class='ocrx_word' id='word_1_417' title='bbox 1509 4563 1549 4623; x_wconf 94' lang='lat' dir='ltr'><strong>de</strong></span> 
     </span>
    </p>
   </div>
   <div class='ocr_carea' id='block_1_10' title="bbox 340 4759 1550 5091">
    <p class='ocr_par' dir='ltr' id='par_1_11' title="bbox 340 4759 1550 5091">
     <span class='ocr_line' id='line_1_46' title="bbox 378 4759 1550 4831; baseline 0.003 -22"><span class='ocrx_word' id='word_1_418' title='bbox 378 4759 912 4824; x_wconf 73' lang='lat' dir='ltr'><strong>1609.110.80riptura]1&#39;1&#39;h0a.5.21.</strong></span> <span class='ocrx_word' id='word_1_419' title='bbox 968 4761 1040 4811; x_wconf 81' lang='lat' dir='ltr'><strong>eurio</strong></span> <span class='ocrx_word' id='word_1_420' title='bbox 1073 4761 1221 4826; x_wconf 76' lang='lat' dir='ltr'><strong>requisitas,</strong></span> <span class='ocrx_word' id='word_1_421' title='bbox 1256 4765 1314 4815; x_wconf 85' lang='lat' dir='ltr'><strong>first</strong></span> <span class='ocrx_word' id='word_1_422' title='bbox 1347 4763 1488 4831; x_wconf 87' lang='lat' dir='ltr'><strong>publiahed</strong></span> <span class='ocrx_word' id='word_1_423' title='bbox 1522 4764 1550 4813; x_wconf 92' lang='lat' dir='ltr'><strong>in</strong></span> 
     </span>
     <span class='ocr_line' id='line_1_47' title="bbox 378 4825 1549 4892; baseline -0.001 -16"><span class='ocrx_word' id='word_1_424' title='bbox 378 4826 451 4877; x_wconf 84' lang='grc'><strong>1610.</strong></span> <span class='ocrx_word' id='word_1_425' title='bbox 472 4841 495 4877; x_wconf 90' lang='lat'><strong>1.</strong></span> <span class='ocrx_word' id='word_1_426' title='bbox 512 4826 606 4890; x_wconf 84' lang='lat' dir='ltr'><strong>literis]</strong></span> <span class='ocrx_word' id='word_1_427' title='bbox 618 4825 675 4877; x_wconf 81' lang='lat' dir='ltr'><strong>Not</strong></span> <span class='ocrx_word' id='word_1_428' title='bbox 685 4829 789 4877; x_wconf 65' lang='lat' dir='ltr'><strong>exunt.</strong></span> <span class='ocrx_word' id='word_1_429' title='bbox 973 4839 1056 4892; x_wconf 80' lang='lat'>1510:</span> <span class='ocrx_word' id='word_1_430' title='bbox 1101 4844 1145 4879; x_wconf 89' lang='lat' dir='ltr'><strong>aee</strong></span> <span class='ocrx_word' id='word_1_431' title='bbox 1178 4828 1227 4880; x_wconf 91' lang='lat' dir='ltr'><strong>Ph.</strong></span> <span class='ocrx_word' id='word_1_432' title='bbox 1263 4829 1416 4889; x_wconf 68' lang='lat' dir='ltr'><strong>Beronum,</strong></span> <span class='ocrx_word' id='word_1_433' title='bbox 1451 4827 1549 4880; x_wconf 81' lang='lat' dir='ltr'><strong>Biblio-</strong></span> 
     </span>
     <span class='ocr_line' id='line_1_48' title="bbox 409 4890 1549 4957; baseline 0 -13"><span class='ocrx_word' id='word_1_434' title='bbox 409 4890 569 4956; x_wconf 84' lang='lat' dir='ltr'><strong>Riohardus]</strong></span> <span class='ocrx_word' id='word_1_435' title='bbox 589 4891 618 4942; x_wconf 87' lang='lat' dir='ltr'><strong>ol</strong></span> <span class='ocrx_word' id='word_1_436' title='bbox 635 4891 792 4950; x_wconf 83' lang='lat' dir='ltr'><strong>Ooutanoes,</strong></span> <span class='ocrx_word' id='word_1_437' title='bbox 811 4907 829 4942; x_wconf 87' lang='lat' dir='ltr'><strong>e</strong></span> <span class='ocrx_word' id='word_1_438' title='bbox 847 4890 923 4942; x_wconf 83' lang='lat' dir='ltr'><strong>Paris</strong></span> <span class='ocrx_word' id='word_1_439' title='bbox 971 4892 1076 4957; x_wconf 71' lang='lat' dir='ltr'><strong>proptio</strong></span> <span class='ocrx_word' id='word_1_440' title='bbox 1102 4894 1133 4944; x_wconf 79' lang='lat' dir='ltr'><strong>de</strong></span> <span class='ocrx_word' id='word_1_441' title='bbox 1158 4894 1251 4944; x_wconf 78' lang='lat' dir='ltr'><strong>Simon</strong></span> <span class='ocrx_word' id='word_1_442' title='bbox 1276 4895 1306 4945; x_wconf 78' lang='lat' dir='ltr'><strong>dc</strong></span> <span class='ocrx_word' id='word_1_443' title='bbox 1333 4894 1445 4952; x_wconf 75' lang='lat' dir='ltr'><strong>Uelinos,</strong></span> <span class='ocrx_word' id='word_1_444' title='bbox 1474 4894 1549 4955; x_wconf 83' lang='lat'>1894,</span> 
     </span>
     <span class='ocr_line' id='line_1_49' title="bbox 342 4956 1549 5024; baseline 0 -16"><span class='ocrx_word' id='word_1_445' title='bbox 342 4957 503 5023; x_wconf 79' lang='lat' dir='ltr'><strong>theologisn.</strong></span> <span class='ocrx_word' id='word_1_446' title='bbox 524 4957 623 5009; x_wconf 82' lang='lat' dir='ltr'><strong>author</strong></span> <span class='ocrx_word' id='word_1_447' title='bbox 642 4957 671 5007; x_wconf 87' lang='lat' dir='ltr'><strong>ol</strong></span> <span class='ocrx_word' id='word_1_448' title='bbox 691 4973 709 5008; x_wconf 86' lang='lat' dir='ltr'><strong>e</strong></span> <span class='ocrx_word' id='word_1_449' title='bbox 729 4956 922 5022; x_wconf 76' lang='lat' dir='ltr'><strong>Ooasassioaolc</strong></span> <span class='ocrx_word' id='word_1_450' title='bbox 972 4974 998 5023; x_wconf 92' lang='lat' dir='ltr'><strong>p.</strong></span> <span class='ocrx_word' id='word_1_451' title='bbox 1020 4958 1063 5010; x_wconf 87' lang='grc'><strong>68.</strong></span> <span class='ocrx_word' id='word_1_452' title='bbox 1104 4960 1147 5024; x_wconf 86' lang='lat' dir='ltr'><strong>By</strong></span> <span class='ocrx_word' id='word_1_453' title='bbox 1168 4958 1236 5023; x_wconf 79' lang='lat' dir='ltr'><strong>Aug.</strong></span> <span class='ocrx_word' id='word_1_454' title='bbox 1261 4972 1327 5023; x_wconf 80' lang='lat'>1510</span> <span class='ocrx_word' id='word_1_455' title='bbox 1349 4958 1383 5011; x_wconf 89' lang='lat' dir='ltr'><strong>he</strong></span> <span class='ocrx_word' id='word_1_456' title='bbox 1405 4958 1459 5010; x_wconf 84' lang='lat' dir='ltr'><strong>had</strong></span> <span class='ocrx_word' id='word_1_457' title='bbox 1481 4958 1549 5009; x_wconf 87' lang='lat' dir='ltr'><strong>been</strong></span> 
     </span>
     <span class='ocr_line' id='line_1_50' title="bbox 340 5022 1550 5091; baseline -0.002 -15"><span class='ocrx_word' id='word_1_458' title='bbox 340 5041 387 5076; x_wconf 78' lang='lat' dir='ltr'><strong>eea</strong></span> <span class='ocrx_word' id='word_1_459' title='bbox 406 5022 546 5090; x_wconf 80' lang='lat' dir='ltr'><strong>pastoralis</strong></span> <span class='ocrx_word' id='word_1_460' title='bbox 563 5022 705 5087; x_wconf 68' lang='grc' dir='ltr'><strong>ἀωὶορω,</strong></span> <span class='ocrx_word' id='word_1_461' title='bbox 724 5023 822 5074; x_wconf 66' lang='lat' dir='ltr'><strong>ematis</strong></span> <span class='ocrx_word' id='word_1_462' title='bbox 840 5037 923 5073; x_wconf 76' lang='lat' dir='ltr'><strong>asces-</strong></span> <span class='ocrx_word' id='word_1_463' title='bbox 971 5024 1118 5089; x_wconf 79' lang='lat' dir='ltr'><strong>eppcinted</strong></span> <span class='ocrx_word' id='word_1_464' title='bbox 1139 5039 1225 5074; x_wconf 86' lang='lat' dir='ltr'><strong>canon</strong></span> <span class='ocrx_word' id='word_1_465' title='bbox 1246 5024 1275 5073; x_wconf 86' lang='lat' dir='ltr'><strong>ol</strong></span> <span class='ocrx_word' id='word_1_466' title='bbox 1294 5023 1412 5091; x_wconf 78' lang='lat' dir='ltr'><strong>Troyas:</strong></span> <span class='ocrx_word' id='word_1_467' title='bbox 1444 5040 1487 5076; x_wconf 88' lang='lat' dir='ltr'><strong>see</strong></span> <span class='ocrx_word' id='word_1_468' title='bbox 1509 5024 1550 5075; x_wconf 90' lang='lat' dir='ltr'><strong>his</strong></span> 
     </span>
    </p>
   </div>
   <div class='ocr_carea' id='block_1_11' title="bbox 0 0 1772 5984">
    <p class='ocr_par' dir='ltr' id='par_1_12' title="bbox 0 0 1772 5984">
     <span class='ocr_line' id='line_1_51' title="bbox 0 0 1772 5984; baseline 0 0"><span class='ocrx_word' id='word_1_469' title='bbox 0 0 1772 5984; x_wconf 95' lang='lat' dir='ltr'><strong> </strong></span> 
     </span>
    </p>
   </div>
  </div>
 </body>
</html>
