3534 5984
304 699 345 762 32
661 700 855 763 LETTERS
877 700 933 763 Oli*
954 699 1156 765 ERASMUS
1418 702 1516 779 [1525

256 877 289 937 65
303 866 446 928 excitare
470 867 643 938 videntum
682 887 765 946 quae
790 886 829 928 eo
855 865 908 928 vel
932 866 1112 946 impietatis
1137 867 1189 930 vel
1213 867 1455 948 superstitionis
1481 873 1517 929 et

303 948 528 1010 sollicitudinis
543 969 601 1011 nos
615 948 829 1021 deduxerunt,
845 955 884 1010 vt
898 949 1074 1010 maximam
1087 948 1184 1011 rebus
1197 949 1348 1012 omnibus
1359 948 1516 1011 nebulam

304 1035 340 1090 et
354 1030 574 1092 confusionem
591 1031 766 1092 obductam
782 1051 851 1092 esse
865 1031 1054 1103 sentiamus,
1071 1049 1174 1111 raquo
1189 1030 1271 1093 adeo
1286 1038 1326 1093 vt
1340 1032 1398 1093 vix
1414 1030 1516 1094 oculis

305 1116 364 1173 aut
380 1111 526 1173 sensibus
543 1114 660 1174 nostris
677 1112 973 1192 tradicionibusque
989 1118 1121 1192 patrum
1137 1119 1321 1174 nostrorum
1338 1113 1516 1194 quicquam

305 1193 483 1267 credamus,
508 1194 590 1256 adeo
613 1194 818 1274 impudenter
841 1201 876 1256 et
900 1193 1064 1256 obstinate
1087 1194 1208 1274 passim
1231 1195 1341 1256 omnia
1363 1213 1459 1257 sacra
1479 1201 1517 1256 et

260 1296 295 1346 70
306 1275 474 1355 prophana
484 1276 719 1356 detorquentur
731 1276 773 1338 ad
785 1276 926 1338 cuiusuis
936 1275 1104 1337 libidinem
1115 1282 1151 1338 et
1159 1274 1298 1338 stultam
1308 1277 1515 1356 sapientiam.

348 1356 388 1418 Id
416 1358 504 1437 quod
531 1360 566 1420 in
595 1358 818 1439 perditissimis
846 1358 1037 1421 Gemanica
1064 1357 1262 1419 factionibus
1288 1377 1400 1421 recens
1427 1358 1517 1421 natis

307 1440 489 1519 experimur
515 1441 595 1502 totis
622 1441 672 1502 his
700 1439 863 1501 mensibus
890 1439 1008 1518 quibus
1035 1460 1109 1501 cum
1137 1439 1260 1519 legato
1285 1440 1320 1501 in
1348 1440 1518 1519 prouincia

307 1541 428 1583 sumus.
472 1522 511 1583 In
532 1522 650 1602 quibus
671 1523 719 1583 ita
740 1523 853 1583 misere
874 1528 1044 1601 pereuntes
1087 1520 1220 1583 lurimos
1241 1521 1401 1583 cernimus
1422 1528 1462 1583 vt
1481 1522 1518 1583 in

307 1603 554 1665 admirationem
569 1604 745 1665 maximam
759 1610 825 1675 eat,
840 1603 926 1664 vnde
940 1609 1036 1664 tanta
1050 1604 1056 1616 '
1085 1603 1092 1617 '
1126 1603 1213 1665 adsit
1225 1603 1353 1665 insania
1366 1610 1406 1665 vt
1418 1602 1518 1666 nullis

262 1704 292 1760 75
308 1686 445 1747 audiant
465 1686 599 1767 legibus,
620 1686 739 1747 nullius
760 1685 954 1747 authoritati
975 1684 1103 1757 cedant,
1125 1684 1269 1764 nihilque
1288 1691 1384 1747 extra
1404 1704 1517 1747 eorum

307 1769 492 1848 opinionem
518 1769 658 1847 cuipiam
686 1768 889 1847 permittant,
915 1766 976 1827 soli
1001 1765 1062 1827 sibi
1089 1767 1167 1846 ipsis
1191 1767 1323 1829 interim
1348 1773 1383 1829 et
1410 1767 1457 1847 pii
1482 1772 1518 1829 et

308 1850 427 1911 eruditi
442 1856 477 1911 et
493 1849 661 1929 prudentie
676 1869 794 1910 nomen
811 1853 1007 1928 arrogantes,
1024 1868 1106 1927 quos
1121 1848 1222 1910 nihilo
1238 1848 1385 1911 meliores
1399 1848 1518 1911 reddas

309 1930 375 1992 vllo
396 1932 531 1992 sanioris
552 1931 676 1993 consilii
697 1930 953 2010 cataplasmate;
987 1929 1067 1991 nihil
1088 1932 1123 1992 iu
1145 1931 1207 1994 hoc
1227 1930 1391 1993 absimiles
1412 1930 1457 1993 ab
1476 1931 1518 1992 iis

309 2032 391 2092 quos
407 2012 515 2074 feruor
530 2013 629 2074 febris
644 2014 756 2093 ingens
776 2013 919 2092 corripit,
940 2012 996 2091 qui
1013 2019 1043 2074 lv
1063 2016 1140 2093 ἀκμῇ
1161 2019 1196 2074 et
1215 2019 1306 2075 statu
1326 2012 1518 2093 egritudinis

263 2094 490 2166 soconstituti,
509 2114 567 2157 ncc
584 2096 611 2155 si
629 2094 727 2175 gelati
745 2094 848 2156 Histri
866 2094 1001 2155 flumina
1017 2093 1186 2167 ebiberint,
1204 2094 1294 2156 sitim
1310 2095 1519 2176 restinguunt

311 2182 370 2238 aut
381 2176 565 2238 incendium
579 2176 646 2238 vlla
658 2196 698 2238 ex
712 2182 805 2256 parte
817 2176 1001 2248 remittunt,
1015 2176 1082 2248 sed,
1097 2196 1163 2256 quo
1176 2176 1278 2257 magis
1291 2195 1409 2239 cauma
1420 2196 1517 2238 suurn

310 2265 490 2338 queruntur
513 2265 548 2320 et
571 2257 747 2331 flabellant,
772 2278 810 2319 eo
835 2259 937 2338 magis
962 2264 1082 2337 augent
1105 2264 1140 2320 et
1164 2265 1312 2331 uruntur,
1336 2258 1441 2321 donec
1464 2257 1518 2320 vel

310 2341 442 2401 vincens
458 2341 562 2401 virtus
582 2347 620 2406 εἰς
640 2343 790 2420 &reptiles
810 2345 897 2419 aget,
920 2339 972 2401 vel
987 2341 1077 2401 victa
1094 2359 1160 2401 rna
1177 2360 1252 2402 cum
1266 2339 1357 2403 febre
1372 2340 1516 2403 animam

310 2442 419 2485 secum
435 2423 556 2484 trahat.

265 2510 296 2575 85
353 2504 443 2579 Quae
460 2524 510 2566 res
527 2504 608 2566 facit
626 2510 664 2566 vt
681 2510 776 2565 tuum
794 2503 962 2565 consilium
981 2504 1136 2583 probetur
1153 2503 1293 2565 maxime
1311 2503 1354 2565 ad
1372 2503 1518 2566 bniusoe·

311 2586 400 2649 modi
419 2587 623 2667 phrenitiden
642 2586 829 2660 curandam,
850 2587 907 2665 qui
926 2585 1042 2647 suades
1061 2585 1142 2647 nihil
1161 2587 1265 2648 acrius
1285 2592 1344 2647 aut
1362 2586 1520 2648 curiosius

310 2670 539 2731 intentandum
559 2691 638 2743 esse,
657 2669 714 2731 sed
732 2675 863 2731 tantum
883 2667 1063 2747 ableganda
1080 2687 1149 2729 esse
1167 2674 1202 2729 et
1219 2667 1417 2730 remouenda
1435 2687 1519 2749 quae

312 2751 459 2813 morbum
483 2752 677 2813 acerbiorem
699 2757 734 2813 et
756 2751 1027 2812 vehementiorem
1049 2749 1181 2811 reddere
1203 2756 1361 2829 possunt;
1396 2768 1463 2830 quo
1484 2750 1518 2811 in

310 2853 424 2913 genere
435 2853 585 2894 numeras
594 2852 678 2912 quae
687 2853 728 2893 ex
742 2833 927 2911 gymnasiis,
939 2851 979 2894 ex
990 2830 1184 2911 bibliopollis
1193 2838 1229 2893 et
1238 2832 1520 2894 concionatoribus

264 2929 300 2980 90
310 2913 490 2976 redundare
502 2921 537 2976 et
548 2913 590 2975 ad
603 2913 686 2974 male
697 2913 816 2974 affecta
826 2912 898 2974 loca
909 2913 1006 2974 fluere
1018 2919 1154 2993 possunt
1168 2933 1175 2976 :
1199 2912 1380 2975 cuiusmodi
1390 2920 1518 2976 senten·

311 2997 393 3058 tiam
413 2995 519 3056 nullus
539 2999 736 3073 θεραπευτικῆς
753 2996 874 3074 μεθόδου
893 3014 1021 3075 gnarus,
1042 2995 1146 3057 morbi
1166 3015 1203 3057 ac
1222 2995 1288 3076 egri
1308 3001 1428 3057 natura
1447 3014 1517 3076 per·

311 3083 434 3157 specta,
452 3095 517 3137 non
533 3076 729 3156 probauerit.

354 3158 395 3220 Id
419 3158 507 3237 quod
531 3159 631 3220 etiam
656 3178 742 3220 nunc
767 3157 907 3219 maxime
931 3158 1070 3220 suadent
1095 3179 1178 3238 quae
1202 3158 1244 3221 de
1268 3158 1398 3220 Boemis
1422 3158 1525 3221 certis

313 3240 481 3302 autoribus
498 3240 694 3302 nunciantur
710 3247 746 3302 et
762 3240 850 3321 apud
867 3261 922 3302 eos
939 3247 1031 3321 gesta
1047 3247 1146 3314 sunt;
1176 3241 1233 3320 qui
1250 3240 1437 3303 deferuente
1454 3242 1520 3303 iam

265 3336 297 3389 95
313 3330 444 3384 centum
457 3322 529 3402 plus
543 3323 648 3384 minus
661 3342 818 3384 annorum
831 3322 944 3383 delirio
955 3329 1072 3402 sponte
1083 3323 1150 3385 fere
1162 3342 1232 3396 sua,
1245 3343 1286 3385 ne
1299 3322 1378 3402 quid
1389 3323 1521 3385 interim

313 3404 354 3466 de
373 3405 486 3484 Legati
503 3405 621 3466 studiis
639 3405 681 3467 ad
701 3406 761 3466 hoc
779 3405 896 3478 dicam,
916 3404 958 3466 ad
977 3405 1138 3467 Ecclesiae
1156 3405 1313 3485 gremium
1331 3404 1522 3468 relabuntur

313 3492 348 3548 et
376 3506 450 3548 cum
480 3486 554 3548 sede
584 3486 771 3567 Apostolica
800 3487 884 3548 vniri
914 3492 1041 3566 petunt.
1094 3486 1188 3561 Quod
1217 3486 1346 3567 publico
1375 3488 1521 3549 omnium

314 3567 463 3630 ordinum
502 3569 632 3630 decreto
666 3568 870 3649 amplissimis
905 3569 1011 3630 verbis
1045 3569 1199 3649 proximis
1232 3568 1386 3631 februarii
1419 3568 1523 3632 Nonis

313 3656 491 3712 sanxerunt
505 3672 512 3723 ;
537 3670 619 3731 quos
631 3657 742 3713 tamen
754 3652 844 3712 nulla
856 3651 1020 3730 obsequia,
1034 3651 1124 3711 nulla
1136 3650 1250 3723 officia,
1263 3650 1371 3713 nullae
1383 3651 1523 3732 denique

253 3750 302 3789 100
314 3753 424 3813 regum
433 3739 492 3795 aut
499 3734 731 3814 imperatorum
740 3734 824 3795 vires
833 3740 892 3795 aut
900 3734 1006 3795 minae
1015 3733 1152 3795 antehac
1161 3733 1325 3802 attrahere
1334 3738 1522 3812 potuerunt.

314 3816 369 3878 Ita
382 3822 420 3878 vt
432 3816 526 3878 facile
539 3816 642 3879 rideri
654 3816 757 3896 possit
769 3815 926 3896 pietatem
937 3815 1026 3875 illarn
1040 3814 1230 3878 Germaniae
1242 3814 1367 3894 impetu
1380 3815 1524 3895 quodam

315 3899 411 3960 maris
425 3905 460 3960 et
473 3899 632 3962 fluctuum
647 3898 689 3960 ab
703 3919 743 3960 ea
756 3897 904 3960 auulsam
919 3897 1070 3958 Boiimiae
1085 3915 1142 3976 per
1156 3896 1350 3958 alluuionem
1366 3896 1522 3976 quodam·

315 3981 411 4042 modo
425 3982 593 4044 accessisse
608 4003 614 4054 ;
641 4001 740 4061 quam
755 3980 857 4042 veluti
871 3979 1069 4059 postliminio
1082 3978 1271 4041 redeuntem
1285 3997 1396 4040 omnes
1409 3983 1525 4058 aperto

314 4063 386 4123 sinu
403 4069 438 4123 et
455 4081 508 4124 ore
525 4063 793 4143 complectuntur.
833 4061 956 4137 Quodsi
971 4081 1010 4123 ea
1026 4068 1076 4123 est
1091 4081 1198 4122 rerum
1215 4067 1335 4122 natura
1350 4065 1389 4121 vt
1404 4065 1525 4122 cuncta

418 4258 458 4307 79.
477 4244 542 4305 ἀκμῇ
555 4244 615 4295 118.
754 4246 794 4297 82.
814 4250 961 4311 queruntur
981 4245 1041 4296 1118.
1192 4258 1246 4296 100.
1266 4243 1347 4308 impp.
1362 4241 1422 4293 ΜΒ.

351 4453 391 4514 85.
411 4450 560 4514 consilium]
583 4452 639 4504 The
662 4451 793 4504 reference
816 4454 837 4504 is
860 4470 896 4505 no
944 4453 1036 4505 silium
1054 4451 1081 4504 of
1103 4467 1166 4518 1520
1185 4456 1239 4515 (see
1258 4452 1307 4518 Ep.
1330 4466 1395 4516 1149
1413 4451 1526 4514 introd)

317 4516 404 4568 doubt
418 4522 448 4569 te
463 4519 596 4570 Erasmus'
612 4519 754 4571 reiteratad
767 4521 840 4586 pleas
854 4518 897 4571 for
946 4535 1000 4571 was
1020 4534 1101 4570 never
1122 4517 1261 4584 publiabad
1283 4516 1367 4569 under
1388 4517 1525 4569 Erasmua'

318 4582 483 4635 moderatiori
495 4585 523 4636 in
534 4584 640 4664 dealing
651 4584 716 4636 with
728 4584 774 4635 the
786 4584 896 4638 Reform
946 4600 1031 4636 name.

318 4651 580 4710 movement,andea
629 4651 693 4717 1ally
702 4650 894 4703 vithLuther:
979 4651 1021 4712 98.
1040 4646 1135 4710 Nonis]
1162 4650 1186 4701 A
1214 4654 1320 4699 contem
1357 4663 1418 4713 rary
1445 4647 1527 4699 letter

318 4729 347 4763 aa
360 4713 452 4765 shown
465 4667 677 4768 insuchh’gtoters
691 4731 721 4767 aa
735 4718 804 4782 Epp.
822 4731 896 4780 1033,
946 4714 1017 4766 cited
1030 4715 1066 4782 by
1079 4716 1108 4768 F.
1123 4710 1248 4775 Pelusii,
1262 4714 1310 4765 Oea
1342 4731 1384 4764 .e.
1400 4712 1526 4774 Boiam

320 4782 393 4845 1167,
417 4796 490 4845 1329,
513 4796 577 4846 1352
599 4780 704 4845 (which,
725 4780 827 4847 though
847 4787 897 4833 not
948 4782 1021 4845 1867,
1035 4797 1060 4832 v.
1076 4798 1099 4833 2.
1116 4782 1192 4847 538n,
1205 4784 1290 4829 states
1303 4779 1365 4829 that
1378 4778 1425 4829 the
1437 4794 1526 4844 agree

318 4850 366 4911 yet
390 4847 506 4910 printed,
533 4863 586 4898 was
612 4847 748 4899 doubtlesa
773 4862 896 4898 common
946 4852 1020 4897 ment
1031 4846 1150 4898 between
1161 4843 1294 4897 Catholica
1304 4843 1358 4895 and
1369 4844 1527 4909 Utraquista

318 4916 445 4977 property
457 4917 487 4962 at
498 4913 594 4975 Rome)
607 4912 660 4963 and
674 4928 748 4976 1422,
760 4911 854 4972 which,
867 4928 897 4962 aa
946 4929 1000 4963 was
1025 4911 1170 4963 concluded
1196 4916 1226 4961 at
1251 4911 1354 4975 Prague
1381 4907 1457 4975 ‘ipso
1483 4910 1528 4962 die

354 4976 460 5029 dressed
500 4982 530 5028 to
569 4978 720 5045 Campegio,
760 4978 897 5030 Montinus
947 4978 971 5029 S.
995 4977 1168 5042 Apolloniae'
1192 4980 1224 5041 <9
1247 4975 1335 5038 Feb).
1376 4974 1433 5027 Tha
1454 4991 1528 5029 nava

319 5042 407 5094 would
422 5043 553 5110 probably
569 5043 639 5096 have
654 5059 723 5095 aean
757 5043 814 5096 The
830 5042 897 5095 Oea·
945 5042 1057 5093 reached
1069 5042 1192 5094 Budaon
1205 5056 1232 5094 11
1247 5042 1309 5095 Feb.
1322 5043 1350 5107 (1.
1366 5044 1452 5105 111n).
