3534 5984
369 684 431 746 394
726 682 921 746 LETTERS
943 681 999 745 OF
1020 680 1221 744 ERASMUS
1490 683 1594 762 [1526

369 849 576 927 promittunt,
597 853 869 926 compensaturos.
912 846 982 926 Itgo
1001 852 1122 917 tamen,
1143 846 1205 907 etsi
1224 844 1370 907 nonnihil
1388 846 1528 909 inuideo
1548 848 1591 908 iis

324 954 356 990 ιο
369 931 426 1010 qui
448 937 556 992 tecum
579 929 620 991 de
643 949 678 990 re
698 929 842 991 literaria
864 930 1009 990 cominus
1032 926 1219 1000 velitantur,
1243 927 1296 988 vel
1318 927 1422 990 missis
1447 935 1590 991 tantum

366 1009 469 1073 literis
492 1017 671 1091 prouocant
693 1012 728 1072 in
751 1017 925 1082 certamen,
949 1010 1110 1071 maximae
1133 1008 1196 1071 sibi
1218 1008 1308 1071 laudi
1329 1008 1399 1070 iore
1421 1009 1589 1073 ducentes

368 1099 476 1155 tecum
495 1093 696 1155 contendisse
714 1093 767 1154 vel
784 1093 891 1166 victis,
909 1092 1003 1172 longa
1020 1091 1181 1152 diuersam
1199 1090 1359 1153 scribendi
1376 1092 1588 1153 occasionem

368 1174 519 1236 habuisse
534 1174 695 1255 profiteor.

409 1255 505 1318 Volui
528 1258 614 1319 enim
638 1264 672 1318 te
692 1257 860 1318 certiorem
884 1255 990 1317 facere
1010 1255 1208 1335 qu0<modo)
1227 1275 1262 1316 se
1282 1254 1426 1317 habeant
1447 1274 1528 1334 erga
1551 1263 1587 1317 te

324 1362 352 1413 ις
367 1343 524 1419 tuamque
559 1340 657 1400 istam
693 1338 889 1418 stupendam
924 1336 1138 1400 eruditionem
1174 1336 1395 1416 Hispanorum
1431 1355 1586 1398 meorum

367 1419 478 1482 studia
491 1442 499 1494 ;
528 1439 594 1501 qua
610 1428 644 1483 te
661 1420 880 1482 beniuolentia
897 1421 1002 1481 omnis
1018 1419 1098 1480 ordo
1114 1420 1283 1499 omnisque
1299 1437 1395 1480 sexus
1412 1416 1456 1479 ob
1472 1417 1585 1480 lucem

368 1501 461 1564 bonis
473 1504 657 1582 sanctisque
668 1501 770 1563 literis
781 1500 943 1563 redditam
955 1507 1179 1581 prosequatur.
1206 1500 1290 1562 Nolo
1302 1520 1343 1562 ex
1355 1518 1421 1561 vno
1432 1499 1586 1563 alteroue

368 1584 604 1664 cognoscendos
618 1583 678 1644 His
702 1603 781 1645 anos
795 1602 907 1645 omnes
925 1583 1059 1646 inducas
1074 1583 1228 1643 animum.
1272 1581 1391 1662 Magna
1409 1587 1461 1643 est
1475 1584 1583 1643 nomi·

367 1667 418 1727 nis
434 1668 484 1727 tui
500 1666 588 1745 apud
603 1685 663 1727 nos
678 1603 777 1738 lama,
791 1667 904 1745 ingens
915 1665 1105 1727 eruditionis
1115 1664 1299 1738 admiratio,
1310 1662 1468 1725 nonnulla
1478 1665 1584 1725 etiam

321 1747 551 1809 sodiuinitatis
576 1747 744 1809 cuiusdam
765 1748 885 1827 opinio.
924 1746 1071 1821 Quatuor
1090 1754 1168 1808 sunt
1188 1764 1305 1825 genera
1328 1745 1498 1806 hominum
1522 1749 1583 1824 qui

367 1829 522 1890 iudicium
536 1828 647 1891 ferunt
660 1829 700 1891 de
713 1835 748 1890 te
761 1830 892 1909 tuisque
906 1829 1117 1890 sanctissimis
1130 1826 1305 1890 laboribus.
1341 1826 1450 1889 Vnum
1465 1846 1582 1888 eorum

367 1912 424 1990 qui
449 1910 551 1972 bonas
574 1909 686 1972 literas
710 1910 822 1972 colunt
847 1910 1086 1990 sanctioresque
1112 1909 1221 1971 Musas
1242 1908 1514 1989 complectuntur,
1541 1929 1582 1971 ac

367 1993 503 2071 cupiunt
522 1993 745 2054 ardentissime
763 1992 981 2054 venerandam
999 1991 1089 2053 illam
1109 1992 1339 2072 antiquitatem
1358 1989 1487 2064 referre,
1506 1990 1581 2052 lirn-

366 2074 603 2155 pidissimisqne
616 2074 679 2135 illis
694 2073 840 2136 fontibus
854 2075 944 2135 sitim
958 2075 1164 2154 restinguere,
1179 2080 1250 2136 tam
1265 2072 1393 2135 dicendi
1407 2072 1583 2153 splendore

319 2178 351 2231 25
366 2174 465 2235 quam
486 2158 719 2218 sententiarum
740 2157 903 2237 grauimts
923 2155 1072 2236 pellecti:
1106 2154 1315 2236 quiquidem
1336 2173 1448 2216 omnes
1469 2174 1490 2215 a
1511 2156 1581 2216 tuis

443 2238 515 2299 'bus
541 2245 642 2312 stant,
670 2238 795 2319 tibique
821 2238 933 2300 ierunt
958 2244 1128 2318 acceptum
1149 2238 1237 2318 quod
1258 2236 1363 2298 bonae
1382 2237 1581 2315 resipuerint

379 2321 488 2393 teras,
512 2320 600 2401 quod
622 2319 676 2383 vel
696 2319 883 2382 socordibus
905 2319 1049 2382 ducendi
1071 2320 1167 2381 ardor
1188 2320 1233 2381 sit
1253 2317 1387 2392 inditus,
1410 2316 1501 2399 quod
1522 2320 1581 2380 via

366 2404 511 2482 patuerit
533 2422 599 2484 qna
621 2404 666 2465 sit
688 2422 872 2483 progressus
897 2402 940 2464 ad
962 2420 1099 2475 summa,
1124 2401 1213 2481 quod
1235 2400 1294 2462 lux
1320 2399 1580 2463 caecutientibus

366 2483 484 2546 oborta
493 2486 546 2559 sit,
558 2486 647 2566 quod
656 2484 842 2565 eloquentia
852 2503 927 2546 cum
937 2502 1015 2546 vera
1025 2484 1185 2563 sapientia
1194 2488 1271 2563 post
1280 2481 1388 2544 secula
1396 2487 1450 2543 tot
1457 2482 1579 2543 iterum

321 2589 354 2639 ³0
367 2568 541 2628 coniuncta
551 2567 659 2641 tuerit,
673 2566 762 2648 quod
772 2568 966 2647 impostores
976 2566 1097 2646 passim
1112 2564 1233 2645 vbique
1250 2569 1420 2645 regnantes
1439 2562 1581 2625 detectis

366 2667 478 2709 eorum
502 2650 682 2746 praestigiis
706 2647 868 2730 profligati
892 2654 993 2729 atque
1013 2647 1057 2709 ad
1074 2646 1195 2709 famem
1215 2646 1433 2726 laqueumque
1451 2644 1579 2707 redacti

367 2729 694 2893 oolldliuxlmigldulmsls,
718 2812 862 2887 Erasme,
886 2813 1084 2893 propiciique
1105 2811 1167 2874 tibi
1189 2830 1225 2872 as
1248 2811 1334 2872 irent
1355 2807 1581 2905 coelites,·qui

366 2900 497 2955 tantum
518 2894 595 2956 boni
614 2901 727 2956 nostro
746 2893 853 2956 seculo
872 2895 1043 2967 inueneris,
1064 2894 1121 2974 qui
1140 2901 1210 2954 tam
1271 2911 1312 2955 ne
1331 2891 1374 2953 de
1393 2890 1581 2954 Christiana

320 2996 351 3050 ³5
365 2976 531 3071 republica
549 2975 652 3038 iustis
675 2977 818 3049 meritus,
843 2982 882 3037 vt
906 2976 1089 3056 quicunqne
1112 2976 1180 3036 sint
1202 2974 1477 3070 vbiuisugentium
1501 2992 1580 3035 vere

366 3057 1211 3219 tittstatildtlttltll¹iltt
1224 3062 1579 3199 trititiam

365 3221 507 3299 gestiant
538 3226 638 3299 atque
668 3222 869 3300 percupiant.
922 3218 955 3283 N
1015 3238 1091 3281 uam
1144 3219 1268 3282 refecto
1298 3220 1474 3300 reperietur
1504 3220 1574 3280 iam

365 3300 543 3380 theologus,
566 3308 606 3362 vt
627 3301 667 3362 ds
688 3302 907 3380 grammaticis
929 3321 967 3363 ac
988 3321 1005 3363 r
1027 3239 1193 3365 ethonlrus
1213 3308 1351 3374 taceam,
1374 3302 1402 3362 si
1422 3302 1467 3363 sit
1487 3300 1578 3362 idam

318 3404 353 3454 40
366 3381 511 3456 Latinus,
528 3384 556 3444 si
571 3382 787 3448 summatibus
802 3404 843 3445 ex
856 3382 921 3445 illis
936 3383 1054 3464 quibus
1069 3383 1273 3465 potissimum
1289 3381 1432 3444 Ecclesia
1446 3382 1577 3455 nititur,

365 3464 561 3527 documenta
581 3466 770 3545 perceperit,
791 3466 819 3527 si
839 3466 1028 3528 commodus
1049 3466 1151 3545 magis
1172 3484 1271 3545 quam
1292 3470 1474 3526 ostentator
1495 3463 1579 3526 velit

365 3546 487 3620 baberi,
506 3548 563 3626 qui
580 3566 647 3609 non
663 3547 785 3610 babeat
802 3547 973 3610 Erasmum
990 3549 1026 3608 in
1043 3566 1108 3620 ore,
1125 3548 1183 3627 qui
1199 3546 1385 3626 frequenter
1402 3544 1577 3607 Erasmmn

365 3647 432 3690 non
448 3630 539 3703 citet,
557 3631 614 3710 qui
631 3630 746 3692 ducem
763 3630 986 3710 theologorum
1003 3634 1038 3691 et
1055 3630 1301 3709 antesignanum
1319 3626 1491 3688 Erasmum
1508 3646 1577 3689 non

365 3711 530 3790 praedicet
549 3731 588 3774 ac
608 3711 809 3791 profiteatur.
859 3711 989 3791 chnas
1008 3712 1132 3791 vtique,
1154 3708 1383 3783 Rcterodame,
1403 3710 1438 3770 in
1457 3707 1578 3771 scholis

317 3814 350 3865 45
364 3794 493 3867 nostris,
514 3801 549 3855 et
564 3796 614 3856 ita
632 3813 747 3874 regnas
763 3792 948 3855 volentibus
966 3794 1101 3866 cunctis,
1119 3793 1160 3853 iis
1178 3792 1366 3871 praesertim
1387 3789 1507 3870 quibus
1523 3791 1576 3853 ius

364 3874 627 4021 artes
640 3872 1358 4038 mc..

364 4039 617 4117 quaestiunculis
637 4040 716 4113 nixi,
737 4038 818 4100 nibil
838 4037 928 4099 aliud
947 4038 1109 4117 quaesisse
1129 4036 1282 4099 videntur
1302 4037 1391 4098 vitae
1412 4037 1577 4098 continuis

364 4120 535 4182 sudoribus
549 4140 649 4201 qnam
662 4123 791 4183 inanem
805 4119 972 4200 quandam
986 4120 1249 4192 ostentationem,
1260 4119 1295 4179 in
1308 4118 1402 4180 nihili
1413 4136 1448 4180 re
1461 4137 1574 4198 snpra-

319 4222 351 4275 50
365 4203 497 4263 modum
512 4202 642 4283 garruli,
657 4210 693 4265 at
706 4204 741 4264 in
756 4200 904 4282 profectu
976 4221 1017 4263 uc
1031 4202 1115 4263 seria
1128 4220 1258 4281 prorsus
1272 4199 1490 4263 infantissimi.
1528 4199 1576 4261 Hi

364 4291 442 4345 sunt
461 4286 518 4363 qui
538 4292 572 4346 te
593 4287 709 4345 mirum
729 4285 764 4345 in
784 4283 918 4345 modum
981 4289 1087 4356 enmt,
1108 4283 1165 4363 qui
1184 4283 1219 4343 in
1239 4289 1273 4344 ta
1292 4288 1452 4362 tuumque
1473 4289 1575 4361 caput

364 4366 484 4444 passim
497 4367 616 4426 sosine
627 4366 863 4427 intermissione
875 4364 1126 4427 debacchantur.
1160 4363 1328 4425 Hiomnia
1362 4383 1424 4425 uae
1435 4371 1575 4443 possunt

364 4444 451 4506 mala
473 4448 508 4507 in
531 4464 650 4508 nomen
673 4453 768 4508 tunm
793 4445 972 4523 moliuntur
984 4468 993 4521 ;
1029 4447 1230 4508 arbitrantur
1253 4382 1423 4526 siquidem,
1448 4451 1483 4507 et
1506 4464 1573 4508 non

362 4528 534 4600 immerito,
556 4527 599 4589 ad
618 4546 728 4589 eorum
748 4536 782 4590 te
802 4530 975 4609 perniciem
995 4530 1150 4608 genitum,
1171 4530 1228 4608 qui
1247 4528 1439 4608 persuadere
1457 4528 1573 4588 nitaris

318 4627 347 4681 ςς
362 4607 458 4669 editis
472 4615 525 4670 tot
538 4609 797 4689 praeclarissimis
810 4610 911 4684 libris,
927 4629 1008 4691 quos
1020 4609 1124 4690 legere
1137 4628 1233 4672 nemo
1247 4628 1313 4672 non
1328 4616 1406 4672 auat
1419 4608 1462 4670 ob
1476 4610 1572 4670 mira·

362 4689 460 4751 bilem
482 4690 667 4753 facundiam
691 4691 937 4771 doctrinamque
958 4692 1162 4772 singularem,
1184 4691 1361 4753 ineundam
1383 4711 1451 4753 esse
1473 4690 1572 4752 aliam

360 4773 401 4833 iis
422 4773 510 4833 viam
531 4792 552 4834 a
572 4774 778 4853 sophismatis
797 4773 893 4853 longe
913 4774 1084 4847 diuersam,
1106 4775 1163 4853 qui
1183 4772 1269 4853 frugi
1330 4774 1483 4853 rcupiunt
1503 4792 1572 4834 esse

361 4855 396 4915 in
415 4855 605 4917 instruendo
624 4853 745 4935 populo
765 4855 1045 4935 praedicandoquc
1065 4854 1253 4936 Euangelio.
1322 4874 1375 4917 am
1396 4855 1453 4934 qui
1473 4873 1570 4935 quae-

361 4936 530 4999 stiunculis
550 4938 717 5018 neniisque
737 4937 915 5017 nugacibus
935 4938 1119 5017 imperitam
1143 4937 1293 4999 detinent
1316 4935 1569 5008 multitudinem,

315 5018 531 5085 soreddentss
568 5038 776 5100 quoscunque
813 5020 903 5081 nacti
939 5018 1060 5082 fuerint
1096 5025 1295 5100 spectatores
1332 5017 1568 5097 auditoresque,
