3534 5984
366 694 425 753 100
720 690 915 754 smnus
937 690 992 753 OF
1014 688 1215 752 ERASMUS
1478 691 1574 767 [1525

363 855 444 917 nihil
464 855 559 917 video
580 855 633 917 111
653 855 847 917 obscoenum
865 853 918 915 rel
934 854 1071 934 impium
1089 852 1142 915 vel
1157 852 1357 915 seditiosum.
1398 853 1442 914 Et
1462 860 1574 915 tamen

363 935 432 999 11111
456 944 566 1016 potest
590 945 629 999 11
652 936 840 1018 imprudens
864 935 983 998 alicubi
1007 935 1041 997 la
1079 955 1117 996 us
1141 935 1213 997 sim.
1261 935 1306 996 At
1330 936 1357 996 si
1381 942 1452 997 tam
1478 937 1574 996 anxie

302 1045 348 1098 505
364 1020 482 1080 metuis
501 1019 587 1080 illius
611 1018 710 1080 saluti
735 1019 801 1099 qui,
827 1037 930 1099 quum
954 955 1092 1096 simplidi
1117 1018 1226 1078 animo
1251 1016 1402 1096 prodesse
1427 1017 1571 1090 studeat,

363 1100 481 1163 alicubi
497 1100 628 1174 labitur,
645 1121 730 1182 quur
745 1121 810 1163 non
827 1101 930 1181 magis
946 1100 1064 1162 metuis
1077 1098 1207 1160 illorum
1222 1098 1321 1160 saluti
1337 1099 1394 1178 qui
1410 1098 1574 1161 sceleratis

362 1182 541 1255 calumniis,
568 1184 624 1264 qui
651 1182 830 1245 maniiestis
857 1182 1042 1255 mendaciis,
1069 1182 1126 1262 qui
1152 1180 1322 1242 virulentis
1348 1182 1501 1243 conuiciis
1526 1183 1572 1242 sic

362 1263 605 1326 debacchantur
621 1266 655 1326 in
671 1266 807 1327 fratrem
825 1284 846 1325 a
862 1284 929 1344 quo
945 1263 1023 1325 laesi
1039 1283 1106 1325 non
1122 1268 1227 1324 sunt?
1267 1262 1361 1325 Hanc
1378 1261 1571 1324 diabolicam

363 1347 523 1408 insaniam
546 1353 584 1408 tu
608 1346 672 1408 leni
695 1347 795 1408 verbo
817 1345 923 1407 zelum
947 1365 1065 1407 vocas:
1100 1363 1185 1425 quur
1208 1363 1273 1405 non
1296 1344 1409 1405 eadem
1433 1344 1569 1406 lenitate

301 1456 351 1509 ςιο
361 1429 584 1509 interpretaris
599 1428 687 1507 quod
702 1428 820 1491 accidit
835 1428 941 1489 mihi?
979 1427 1056 1488 Illos
1070 1446 1204 1488 excusas
1219 1426 1308 1505 quod
1322 1427 1383 1488 sibi
1398 1426 1572 1488 videantur

361 1528 564 1590 propugnare
578 1511 751 1572 veritatem
765 1531 772 1571 :
796 1530 881 1590 quur
894 1528 959 1570 non
969 1509 1084 1570 itidem
1098 1528 1232 1570 excusas
1246 1526 1315 1581 nos,
1328 1508 1385 1588 qui
1395 1527 1461 1569 non
1473 1508 1570 1588 paulo

362 1590 540 1653 modestius
591 1612 749 1672 ugnamus
776 1610 835 1670 pro
862 1591 1001 1653 veritate
1029 1609 1128 1671 quam
1155 1590 1210 1651 isti
1237 1589 1390 1651 iaciunt?
1432 1590 1569 1665 Quaeso,

361 1672 487 1736 Sutoris
501 1612 628 1735 libellus
644 1673 724 1754 quid
740 1672 829 1734 aliud
844 1674 947 1753 spirat
963 1691 1062 1753 quam
1078 1671 1205 1752 glorias,
1223 1690 1322 1752 quam
1338 1671 1453 1744 fastus,
1470 1691 1569 1750 quam

362 1756 583 1834 pertinaciam,
625 1774 701 1815 uam
719 1755 881 1816 hominem
899 1754 961 1815 sibi
978 1773 1077 1832 supra
1094 1752 1227 1814 modum
1245 1754 1423 1814 humanum
1441 1752 1567 1832 placen-

299 1864 347 1918 515
362 1843 439 1909 tem,
486 1856 600 1898 uame
660 1855 734 1897 nem
756 1835 999 1915 petulantiam?
1043 1833 1133 1909 Quor
1154 1854 1220 1896 non
1240 1834 1333 1896 illum
1354 1834 1508 1896 admones
1530 1843 1569 1896 vt

360 1918 422 1979 sibi
461 1919 467 1932 '
482 1925 580 1990 escat,
596 1919 653 1998 qui
666 1918 713 1979 sic
727 1923 819 1979 totus
832 1923 969 1997 turget?
998 1916 1164 1992 Quantum
1179 1923 1289 1978 autem
1305 1915 1467 1978 aberrata
1480 1937 1568 1989 1111,

359 1999 507 2060 fortassis
531 1998 611 2061 alias
636 1999 814 2061 docebitur.
862 1998 952 2073 Quur
977 1999 1051 2060 huic
1076 1998 1215 2078 collegae
1241 2004 1300 2059 tuo
1325 2018 1391 2059 non
1424 2005 1569 2078 praestas

359 2080 496 2142 eandem
513 2080 763 2142 sollicitudinem
779 2101 878 2161 quam
896 2086 1041 2160 praestas
1058 2081 1164 2141 mihil
1204 2079 1299 2154 Quod
1316 2080 1395 2141 mihi
1434 2086 1568 2152 racstas,

361 2161 466 2224 habeo
474 2164 634 2243 gratiam3
661 2163 751 2243 quod
760 2161 801 2224 de
810 2162 866 2224 1111
876 2182 1006 2225 scaurus
1021 2182 1065 2235 es,
1081 2161 1229 2223 demiror.
1266 2161 1336 2241 Ego
1350 2162 1411 2223 scri
1469 2161 1568 2223 libros

299 2274 349 2327 520
359 2243 564 2325 infrugileros
583 2244 743 2307 Ecclesiae
757 2265 764 2317 ;
794 2251 829 2306 et
845 2245 914 2306 sine
931 2242 1052 2305 talibus
1068 2242 1185 2305 libellis
1202 2242 1314 2323 quales
1331 2243 1443 2305 scribit
1460 2243 1568 2316 Sutor,

360 2325 573 2388 collaberetur
598 2326 713 2389 domus
739 2326 828 2388 Deil
875 2326 955 2388 Mihi
982 2326 1099 2387 metuis
1125 2345 1166 2386 ne
1191 2325 1276 2387 desit
1301 2326 1407 2386 ocium
1433 2325 1569 2386 curandi

359 2408 521 2482 coelestia,
533 2415 568 2470 11
581 2407 614 2469 hi
626 2410 684 2489 qui
694 2407 775 2469 talia
785 2406 942 2481 scribunt,
955 2413 1126 2470 versantur
1136 2408 1171 2468 in
1182 2407 1281 2469 111111
1293 2405 1391 2468 coelo.

401 2489 567 2552 Admisces
585 2491 694 2552 nescio
711 2490 792 2572 quid
810 2490 850 2551 de
869 2490 919 2551 his
936 2491 993 2571 qui
1010 2488 1205 2551 incumbunt
1222 2489 1337 2568 poetis,
1357 2487 1444 2568 quod
1463 2488 1569 2549 scriba

359 2572 405 2633 sic
425 2570 622 2653 deprauarat
642 2579 681 2634 vt
699 2572 762 2654 legi
782 2592 848 2634 non
868 2573 980 2652 possit.
1023 2570 1216 2633 Adolescens
1236 2569 1388 2631 adamaui
1409 2571 1566 2649 poeticen,

298 2683 346 2737 5²5
359 2673 459 2734 quam
486 2675 545 2735 ego
571 2661 653 2735 puto
680 2655 732 2716 vel
758 2656 964 2735 praecipuam
991 2655 1172 2733 portionem
1198 2651 1339 2715 liberalis
1365 2652 1566 2714 eruditionis.

359 2734 427 2797 Nec
442 2755 494 2798 me
508 2737 655 2815 poenitet
668 2738 737 2798 eius
751 2737 861 2799 animi.
898 2735 1031 2797 Vtinam
1046 2735 1135 2816 quod
1148 2734 1221 2807 ieci,
1238 2733 1383 2796 iecissem
1399 2734 1568 2814 aliquanto

356 2816 503 2879 felicius!
541 2817 636 2880 Nunc
655 2837 706 2880 me
725 2837 791 2879 non
808 2817 994 2879 incumbere
1009 2818 1123 2897 poetis,
1139 2815 1213 2877 libri
1229 2817 1302 2888 mei,
1318 2817 1352 2877 ni
1367 2815 1471 2889 fallor,
1488 2817 1568 2877 satis

359 2898 535 2960 declarant.
584 2899 730 2974 Quodsi
755 2899 818 2960 illis
844 2900 1018 2961 metuimus
1043 2899 1100 2979 qui
1125 2897 1272 2959 nonnihil
1296 2918 1337 2959 ex
1406 2897 1568 2960 litioribus

357 2979 475 3041 11111111
502 2979 683 3042 admiscent
709 2981 826 3042 studiis
849 2982 925 3054 suis,
952 3000 993 3042 ne
1017 2980 1101 3042 desit
1125 2980 1230 3041 ocium
1255 2999 1354 3041 curan
1378 2999 1416 3040 ae
1442 2978 1566 3053 salutis,

297 3091 348 3145 53⁰
359 3080 444 3140 quur
466 3081 532 3122 non
556 3064 658 3143 magis
679 3061 766 3123 idem
794 3062 968 3123 metuimus
990 3063 1030 3123 iis
1053 3062 1109 3143 qui
1137 3060 1256 3123 bonam
1283 3063 1402 3123 aetatis
1428 3069 1566 3140 partem,

357 3142 459 3203 immo
485 3149 592 3204 totam
619 3150 771 3216 aetatem,
796 3145 830 3205 in
857 3143 1069 3206 Aristotelicis
1092 3150 1127 3205 et
1154 3143 1343 3216 haerteicis,
1371 3144 1407 3205 in
1433 3143 1567 3206 Scoticis

358 3223 562 3304 labyrinthis,
580 3226 616 3286 in
633 3225 816 3305 sophisticis
834 3226 979 3306 argutiis,
998 3227 1032 3286 in
1050 3225 1303 3306 quaestiunculis
1321 3227 1568 3305 superuacaneis

358 3312 558 3367 conterunt?
590 3306 653 3369 Sed
671 3307 717 3368 sic
735 3312 786 3368 est
805 3307 972 3369 hominum
989 3308 1163 3388 ingenium.
1204 3306 1277 3370 Suis
1295 3308 1431 3388 quisque
1449 3307 1568 3369 studiis

358 3386 534 3461 blanditur,
548 3388 717 3449 minimum
729 3389 876 3450 tribuens
889 3390 939 3451 his
951 3391 985 3450 in
998 3387 1116 3469 quibus
1128 3388 1283 3470 intelligit
1295 3389 1357 3451 sibi
1369 3389 1450 3451 nihil
1462 3388 1568 3451 laudis

296 3488 425 3553 535esse
449 3470 655 3549 sperandum.
701 3470 796 3532 Hunc
820 3470 974 3533 affectum
997 3472 1133 3533 caeteris
1155 3470 1249 3532 facile
1271 3472 1487 3551 ignoscimus;
1524 3492 1566 3534 an

356 3549 523 3631 theologos
545 3552 659 3614 deceat
680 3553 797 3626 nescio,
820 3554 877 3633 qui
900 3551 952 3615 111
973 3554 1044 3632 ipso
1065 3552 1164 3614 titulo
1186 3553 1294 3614 nescio
1316 3552 1395 3633 quid
1418 3553 1565 3615 diuinum

358 3631 552 3713 profitentur
565 3640 601 3695 11
615 3635 719 3696 maius
733 3635 883 3696 humanis
898 3634 1078 3697 affectibus.

398 3714 548 3777 Hortaris
561 3736 613 3778 me
626 3715 669 3778 ad
681 3716 865 3797 exemplum
877 3716 946 3778 diui
959 3717 1140 3797 Augustini.
1175 3716 1265 3779 Nihil
1277 3716 1328 3778 hic
1341 3716 1446 3779 dicam
1460 3718 1563 3779 cuius-

357 3797 445 3859 modi
459 3799 526 3860 sint
538 3797 625 3861 illius
640 3799 923 3871 Retractationcs3
950 3805 1037 3861 certe
1052 3799 1157 3861 multa
1170 3800 1388 3880 praetermisit
1402 3819 1485 3880 quac
1500 3819 1566 3861 non

295 3912 345 3964 540
355 3881 558 3954 retractauit,
577 3900 679 3961 quum
697 3882 764 3944 sint
781 3881 1012 3943 retractatione
1030 3883 1138 3962 digna.
1179 3881 1224 3942 Et
1240 3887 1353 3943 tamen
1370 3881 1457 3943 vltro
1474 3888 1566 3944 totus

356 3961 391 4021 in
409 3962 469 4024 hoc
487 3982 560 4023 sum
578 3962 621 4024 11
637 3963 727 4043 quod
744 3983 795 4024 me
813 3963 962 4025 hortaris.
1002 3963 1090 4026 Nihil
1107 3963 1199 4025 deest
1216 3968 1345 4043 praeter
1361 3964 1505 4046 regulam
1523 3964 1565 4026 ad

357 4061 457 4121 quam
490 4064 563 4105 mee
595 4045 759 4126 castigem.
814 4045 951 4125 Rclcges
983 4065 1034 4107 me
1066 4044 1109 4107 ad
1141 4044 1325 4118 Gereonem,
1359 4046 1562 4119 Gratianum,

354 4123 559 4203 reliquosque
573 4124 720 4187 doctores
734 4126 953 4201 scholasticos,
968 4147 1049 4208 quos
1063 4146 1123 4207 ego
1135 4146 1213 4189 sanc
1226 4146 1394 4207 nunquam
1407 4129 1442 4188 in
1456 4134 1564 4189 totum

356 4206 545 4284 contempsi.
581 4205 700 4268 Varum
712 4208 747 4269 in
761 4207 875 4270 horum
890 4228 1019 4290 quoque
1031 4209 1121 4271 libris
1134 4229 1200 4271 non
1213 4209 1308 4289 pauci
1321 4208 1362 4269 da
1384 4208 1562 4269 rehendun·

294 4315 341 4369 545
355 4291 411 4346 tur
424 4304 556 4358 errores,
571 4289 689 4349 vtiam
704 4290 844 4351 maxime
857 4292 945 4353 inter
957 4311 1025 4353 sese
1039 4292 1266 4353 consentiant:
1316 4309 1337 4350 u
1396 4289 1564 4351 dissidium

355 4385 457 4444 quum
477 4368 521 4429 sit
539 4369 674 4448 insigne,
693 4375 804 4433 tamen
824 4370 937 4434 abste
958 4372 1130 4453 negligitur
1150 4379 1188 4435 vt
1204 4373 1287 4435 leuic
1323 4391 1378 4433 um
1396 4370 1563 4451 quiddam.

354 4447 403 4509 Ne
425 4447 580 4528 dogmata
625 4450 733 4512 uidem
754 4452 947 4515 scholastica
968 4474 1081 4517 censeo
1103 4453 1349 4527 contemnenda,
1372 4454 1562 4534 praesertim

354 4548 437 4609 quae
461 4532 496 4591 in
520 4533 608 4593 conc‘
625 4532 662 4593 ”s
687 4532 869 4612 approbata
892 4543 979 4598 sunt.
1026 4535 1112 4598 Nam
1136 4536 1297 4617 quaedam
1321 4556 1339 4597 1
1363 4534 1564 4597 scholasticis

353 4611 615 4675 contentionibus
640 4615 674 4675 in
700 4615 835 4678 concilia
860 4618 981 4679 reiecta
1006 4626 1105 4680 sunt:
1145 4639 1258 4681 verum
1284 4637 1349 4680 non
1375 4618 1488 4698 opinor
1514 4616 1564 4678 his

364 4746 616 4755 *φη-.-

390 4839 447 4892 509.
466 4826 563 4906 selom]
576 4830 623 4881 See
636 4830 685 4896 Ep.
702 4846 711 4881 1
717 4845 773 4896 579.
786 4846 829 4894 90.
985 4837 1031 4887 the
1038 4843 1104 4888 next
1110 4839 1193 4899 11111,
1202 4837 1337 4897 incumbis,
1345 4840 1368 4888 is
1376 4836 1490 4887 botched
1498 4839 1525 4887 in
1534 4839 1563 4896 B)

391 4906 446 4957 521.
467 4893 610 4955 118111111Ε
630 4900 829 4962 ·1579·59-62.
984 4900 1070 4954 1111111
1078 4904 1239 4955 conclusive}
1264 4902 1326 4952 that
1333 4901 1379 4951 the
1389 4902 1497 4952 Breslau
1507 4902 1561 4953 MS.

392 4971 448 5023 523.
466 4956 565 5025 poetis]
637 4962 642 4974 '
687 4963 800 5014 citation
829 4962 858 5013 11
889 4962 935 5013 the
985 4968 1108 5019 isthaec
1126 4973 1201 5035 yact
1330 4967 1529 5018 ttoIlrasmus.

356 5024 464 5076 scribe’s
481 5039 554 5077 error
572 5027 600 5078 in
620 5028 669 5093 Ep.
693 5041 764 5093 1571
784 5043 818 5091 4²
836 5030 934 5091 (where
1020 4983 1468 5101 531111111111111157173-4.
