3534 5984
303 716 323 774 8
658 707 853 770 LETTERS
874 706 930 768 OF
951 705 1152 770 ERASMUS
1414 710 1514 787 [1525

302 879 413 951 nolim,
425 896 521 956 cogar
534 877 608 937 hinc
623 876 768 956 migrare,
783 875 817 936 ni
828 873 925 935 velim
939 872 1071 953 perdere
1083 872 1228 935 Οεεεετίε
1241 874 1429 954 pensionem
1441 876 1511 938 iam

254 982 290 1031 4ο
304 960 376 1040 plus
390 960 494 1021 tribus
508 960 601 1019 annis
619 957 774 1019 debitam.
817 956 939 1036 Opinor
952 955 1011 1017 hae
1025 974 1154 1017 caussas
1167 955 1366 1019 humanitati
1380 963 1512 1019 vestrae

304 1041 557 1122 prudentiaeque
574 1039 617 1101 ad
637 1040 707 1113 hoc,
727 1058 768 1100 ne
787 1058 838 1099 me
858 1045 927 1100 tam
946 1036 1163 1117 inexplicabili
1180 1040 1311 1119 negotio
1328 1039 1510 1114 inuoluam,

303 1123 498 1184 satisfacere.

345 1204 390 1266 Et
408 1211 529 1277 tamen,
551 1209 590 1264 vt
608 1202 766 1264 declarem
787 1221 839 1262 me
859 1207 986 1262 vestrae
1006 1200 1215 1280 Reipublicae
1234 1222 1276 1263 ex
1296 1204 1406 1264 animo
1426 1202 1511 1267 bene

303 1286 395 1360 velle,
423 1287 515 1347 cuius
543 1285 718 1365 hospi<tio>
743 1286 808 1344 iam
835 1301 937 1343 annos
963 1281 1143 1361 complures
1170 1302 1244 1345 sum
1269 1303 1357 1358 vaus,
1384 1284 1511 1365 aliquid

254 1387 286 1438 4ς
303 1370 486 1447 impertiam
499 1366 634 1441 consilii,
647 1367 753 1428 sinon
766 1363 916 1445 prudens,
930 1369 1017 1425 certe
1029 1365 1169 1425 amicum
1181 1370 1216 1426 et
1228 1364 1332 1440 fidele,
1346 1373 1511 1446 quantum

303 1449 345 1511 ad
364 1451 459 1513 huius
478 1449 687 1530 Reipublicae
706 1446 976 1526 tranquillitatem
995 1447 1126 1520 attinet,
1146 1466 1230 1527 quae
1249 1454 1359 1509 vestra
1377 1450 1512 1528 propria

302 1533 426 1595 iunctio
452 1538 512 1593 est.
561 1531 667 1592 Huius
692 1528 939 1590 consultationis
964 1529 1073 1607 capita
1098 1535 1176 1589 eunt
1201 1529 1287 1590 tria:
1324 1530 1366 1591 de
1391 1529 1511 1592 libellis

302 1614 509 1688 excudendis,
547 1612 588 1674 de
623 1631 680 1673 esu
716 1612 872 1684 carnium,
910 1609 951 1670 de
988 1611 1194 1672 matrimonio
1229 1610 1435 1674 secerdotum
1472 1620 1510 1674 ει

302 1695 544 1758 monachorum.

256 1815 289 1867 50
728 1801 852 1846 ramus
874 1800 1068 1846 aamcvnvs.

342 1904 487 1965 PrImum
508 1902 548 1963 de
569 1901 731 1963 veteribus
751 1901 841 1962 libris
860 1920 926 1961 non
947 1901 1015 1980 agit
1035 1907 1145 1961 vestra
1164 1900 1357 1976 sollicitudo,
1377 1904 1510 1966 etiamsi

301 1985 381 2066 quid
396 1987 481 2047 inest
495 1985 619 2046 erroris.
656 1983 785 2062 Alioqui
800 2002 859 2044 nec
875 1982 1093 2062 Hieronymus
1107 1989 1192 2045 esset
1206 1983 1425 2059 excudendus,
1440 1986 1509 2050 imo

301 2068 409 2129 nullus
421 2066 634 2128 excuderetur
643 2065 724 2126 liber
737 2071 865 2144 praeter
875 2063 1063 2125 Canonicos.
1099 2064 1143 2125 Ει
1154 2071 1265 2126 tamen
1277 2066 1312 2127 in
1325 2065 1376 2128 his
1389 2086 1506 2130 cauen-

301 2148 380 2210 dum
406 2155 457 2211 eat
482 2148 522 2211 de
547 2146 803 2228 praefationibus
828 2152 863 2207 et
888 2145 1164 2220 annotationibus,
1190 2165 1231 2207 ne
1256 2147 1337 2227 quid
1362 2148 1508 2213 habeant

255 2245 286 2301 ες
302 2230 485 2293 admixtum
505 2230 632 2293 veneni.
673 2227 758 2289 Illud
778 2228 820 2289 ab
840 2227 990 2289 omnibus
1009 2228 1253 2307 magistratibus
1271 2230 1340 2291 iure
1359 2233 1507 2310 gentium

302 2314 409 2374 caueri
427 2312 535 2385 debet,
554 2331 595 2372 ne
613 2310 816 2373 excudentur
833 2309 934 2371 libelli
951 2309 1067 2370 famosi
1086 2316 1145 2372 aut
1163 2309 1207 2371 ad
1224 2310 1417 2375 seditionem
1435 2319 1506 2376 ten·

301 2394 425 2457 dentes.
463 2393 594 2455 Etenim
610 2394 638 2454 si
654 2393 788 2472 punitur
803 2393 860 2472 qui
876 2392 976 2453 verbo
992 2391 1077 2453 dixit
1091 2392 1274 2454 conuicium
1289 2394 1431 2473 cuipiam
1447 2401 1508 2456 aut

302 2495 415 2539 vocem
430 2476 617 2538 seditiosam
632 2475 787 2546 euomuit,
805 2473 909 2534 multo
925 2474 1027 2552 magis
1043 2473 1197 2553 puniendi
1212 2475 1269 2554 qui
1284 2474 1367 2536 tales
1382 2475 1507 2539 libellos

301 2565 459 2640 spargunt
484 2560 519 2620 in
546 2558 667 2620 orbem.
716 2555 830 2617 Libelli
856 2556 914 2634 qui
941 2574 1007 2615 non
1035 2554 1158 2617 habent
1185 2555 1318 2617 titulum
1346 2557 1504 2633 authoris,

253 2646 289 2696 σο
301 2642 463 2703 excuseris
473 2660 512 2703 ao
522 2641 594 2714 loci,
606 2642 640 2701 in
651 2645 759 2701 totum
770 2636 948 2698 damnandi
957 2643 1045 2710 sunt,
1057 2642 1091 2698 et
1102 2637 1257 2716 puniendi
1266 2640 1324 2718 qui
1333 2638 1504 2714 iuuabunt,

301 2725 358 2803 qui
366 2723 542 2796 excudunt,
552 2723 609 2803 qui
618 2721 775 2783 vendunt.
808 2719 913 2780 Multo
925 2720 1027 2798 magis
1038 2718 1193 2798 puniendi
1203 2720 1260 2798 qui
1270 2719 1364 2782 fictos
1376 2720 1504 2784 addunt

302 2804 426 2866 titulos.
470 2805 516 2866 Et
537 2806 565 2864 si
586 2803 667 2864 liber
688 2801 809 2864 habeat
831 2801 890 2862 hos
912 2806 978 2861 tres
1000 2800 1124 2873 titulos,
1147 2802 1176 2861 si
1196 2808 1308 2862 tamen
1329 2804 1374 2864 sit
1396 2803 1506 2883 palam

301 2885 445 2947 famosus
456 2891 516 2947 aut
527 2884 708 2955 seditiosus,
722 2881 883 2962 plectendi
895 2888 973 2943 sunt
984 2883 1042 2961 qui
1053 2882 1219 2944 excudunt
1231 2890 1291 2946 aut
1302 2884 1483 2964 importent
1496 2905 1505 2947 ε

302 2985 367 3026 non
381 2986 422 3027 ex
436 2984 524 3027 noua
538 2964 770 3026 constitutione
785 2963 842 3024 sed
855 2983 897 3024 ex
911 2964 979 3025 iure
993 2965 1149 3043 gentium.

253 3052 286 3115 ⁶5
343 3046 480 3108 Omnem
493 3046 640 3107 fraudem
654 3044 822 3106 excludere
836 3044 1059 3107 difficillimum
1072 3052 1132 3107 est.
1174 3045 1319 3108 Primum
1333 3049 1408 3128 quis
1420 3049 1508 3131 leget

302 3129 411 3189 omnia
424 3148 508 3209 quae
521 3127 726 3190 excuduntur
740 3146 760 3188 a
774 3134 842 3189 tam
857 3126 969 3188 multis
983 3132 997 3187 l
1027 3126 1152 3190 Deinde
1166 3134 1380 3209 posteaquam
1392 3130 1422 3192 le
1479 3134 1508 3196 ἰ

301 3210 428 3290 aliquis,
450 3210 588 3271 liberum
609 3209 744 3271 catillis
767 3215 894 3270 mutare
916 3210 1050 3288 paginas
1072 3216 1107 3271 et
1128 3210 1265 3272 inserere
1307 3230 1369 3273 uae
1391 3231 1414 3272 v
1446 3213 1453 3226 '
1478 3219 1505 3287 t,

301 3292 364 3353 nisi
382 3297 528 3353 seruetur
548 3311 568 3351 a
588 3290 681 3352 vobis
700 3291 872 3371 exemplar.
916 3291 961 3352 Et
980 3291 1060 3352 haec
1078 3291 1203 3352 inuidia
1221 3293 1285 3354 reci
1325 3298 1377 3354 ret
1395 3295 1430 3356 in
1449 3315 1507 3358 eos

301 3373 358 3453 qui
376 3372 494 3434 librum
513 3373 601 3453 passi
619 3373 756 3435 luissent
773 3372 911 3434 excudi:
943 3372 1087 3434 dicerent
1108 3372 1289 3436 ‘Probatus
1308 3381 1359 3437 est
1373 3375 1392 3437 '.
1434 3376 1507 3440 Hoc

254 3471 289 3526 70
301 3474 383 3516 onus
404 3460 490 3516 certe
512 3454 590 3516 mihi
610 3455 696 3516 iorct
716 3454 938 3528 intollerabile,
960 3455 1017 3533 qui
1038 3455 1095 3515 vix
1116 3454 1184 3516 iero
1206 3474 1350 3517 meorum
1370 3476 1506 3538 operum

300 3536 467 3599 inuidiam.
506 3536 612 3598 Huius
627 3536 768 3598 inuidiae
786 3536 872 3597 bona
887 3555 963 3616 pars
979 3535 1207 3599 transferretur
1221 3538 1257 3599 in
1273 3540 1506 3620 typographos,

300 3619 528 3698 importatores
557 3624 592 3680 et
621 3619 838 3692 distractores,
869 3619 898 3679 si
927 3637 986 3679 suo
1016 3618 1156 3697 periculo
1186 3618 1353 3699 proferant
1382 3621 1507 3704 absque

300 3700 405 3763 titulis
415 3699 540 3763 lictisue
551 3700 656 3763 titulis
667 3706 726 3762 aut
737 3700 861 3762 famosa
873 3706 932 3761 aut
942 3699 1095 3761 seditiosa
1110 3720 1117 3772 ;
1140 3701 1267 3763 etiamsi
1277 3700 1385 3764 nullus
1396 3710 1506 3768 vestro

299 3784 429 3845 nomine
442 3782 589 3863 probarit
602 3789 660 3845 aut
673 3781 863 3862 reprobarit.

253 3875 284 3930 7⁵
340 3864 390 3927 De
405 3864 598 3928 Lutheranie
612 3864 773 3945 dogmatis
787 3864 895 3926 nescio
909 3863 989 3944 quid
1003 3864 1193 3926 statueritis.
1230 3863 1320 3939 uuae
1333 3866 1362 3928 si
1374 3865 1505 3930 nolletis

299 3948 425 4022 excudi,
440 3968 499 4010 nec
514 3948 650 4009 aliorum
665 3947 841 4009 multorum
855 3946 1091 4007 excuderentur
1105 3947 1337 4022 commentarii,
1352 3949 1410 4027 qui
1423 3948 1505 4012 talu

298 4031 418 4108 passim
435 4030 624 4104 admiscent,
642 4029 745 4091 veluti
759 4028 957 4090 Pomeranus
972 4033 1006 4090 et
1023 4027 1311 4108 Oecolampadius;
1340 4035 1440 4110 atque
1454 4031 1504 4094 ita

298 4187 340 4235 39.
359 4190 438 4252 aeger
450 4178 477 4229 β.
586 4190 627 4237 41.
642 4175 682 4252 ‘ad
696 4176 747 4226 hoc
761 4194 794 4227 a:
819 4176 855 4227 ad
869 4177 918 4227 hee
932 4177 1052 4243 cognitas
1065 4178 1092 4231 β.
1188 4189 1230 4238 42.
1247 4176 1401 4229 satisfacere
1413 4193 1463 4229 ona
1476 4180 1506 4234 β.

297 4253 340 4302 47.
358 4245 448 4304 capita
460 4255 509 4289 orn.
523 4242 549 4293 β.
622 4239 747 4291 videlicet
758 4246 816 4318 por}
826 4243 878 4292 tria
891 4242 950 4292 add.
964 4245 990 4296 β.
1179 4255 1227 4320 50.Ι
1237 4255 1340 4320 mpure
1352 4255 1507 4296 annom!

297 4320 347 4430 gx·
357 4307 554 4448 gotistitutione⁵
559 4318 592 4421 l:
599 4305 884 4448 hppplrsmpepplagipprpum
893 4307 988 4437 αωόγβ
997 4373 1110 4424 inserere
1120 4308 1318 4429 uszullldffla
1329 4327 1336 4361 ἓ
1355 4308 1506 4442 amani&

297 4434 460 4485 tolerabrhus
468 4438 495 4490 θ.
617 4448 657 4500 74
676 4436 824 4500 reprobant
836 4454 866 4489 u:
880 4438 1039 4504 improbarit
1051 4443 1079 4495 β.

330 4622 372 4671 39.
390 4605 847 4727 piemionemJClkiinpas4pol—10.
926 4616 970 4676 (24
996 4613 1070 4693 :lupe
1102 4615 1233 4694 1485-29
1262 4613 1338 4665 Arii
1369 4614 1445 4679 ¹⁵5⁸)
1476 4615 1505 4666 oi

298 4687 570 4817 imru
608 4678 875 4793 trattati
924 4679 1022 4810 teu
1038 4695 1069 4795 r
1085 4679 1252 4797 perteue
1282 4681 1505 4811 Uretur

297 4802 406 4864 edrtrcm
423 4804 452 4855 in
470 4805 555 4856 wbrcb
572 4806 606 4856 he
623 4806 677 4856 had
695 4806 776 4856 taken
794 4814 873 4872 part:
923 4823 957 4872 24
971 4810 1033 4861 Jan.
1052 4823 1125 4874 1502,
1140 4811 1173 4861 he
1188 4826 1241 4862 was
1255 4809 1402 4878 appointed
1415 4815 1506 4864 rector

296 4882 339 4917 see
350 4868 418 4948 Epp.
429 4873 489 4947 39p,
502 4874 580 4950 ¹4⁶52
776 4937 782 4950 .
925 4875 952 4924 ol
967 4874 1013 4925 the
1029 4880 1101 4927 town
1115 4877 1206 4928 school
1220 4882 1252 4928 at
1265 4878 1389 4942 ibeptow
1404 4891 1441 4928 on
1455 4877 1505 4930 tbe

295 4934 471 5051 ‚dimili
487 4934 593 5064 ¹⁸33]
611 4936 664 4987 Μ
680 4952 697 4986 ⁸
713 4938 817 5002 Μ
834 4940 872 4989 ¹¹*
924 4939 1141 5057 bretti-
1160 4942 1505 5062 &urbitius

330 5080 370 5132 77.
389 5016 563 5128 robelinus]
580 5039 587 5053 '
602 5066 675 5118 rom
695 5067 872 5133 aramagna
924 5021 1505 5135 rulauemllf¹⁶⁵1lleiau0n0a
