3534 5984
354 699 413 760 128
707 696 902 759 LETTERS
923 697 979 760 OF
999 695 1200 759 ERASMUS
1461 699 1555 775 [1525

352 865 387 926 in
411 865 477 925 suis
501 864 544 926 ad
568 863 724 944 populum
748 862 952 924 contionibus
976 881 1042 923 non
1066 868 1193 924 cessant
1217 862 1338 923 insanis
1362 861 1556 924 clamoribus

324 966 470 1021 svexare
494 947 665 1008 Erasmum
688 944 953 1017 Roterodamum,
978 944 1085 1005 virum
1107 950 1193 1006 certe
1216 963 1313 1023 quem
1336 950 1448 1005 nostra
1471 944 1556 1005 vidit

352 1034 433 1101 etas,
455 1028 752 1109 eloquentissimum
772 1032 807 1088 et
827 1026 1089 1098 eruditissimum,
1110 1032 1234 1087 ettam
1257 1024 1344 1105 apud
1365 1025 1555 1087 Pontificem

354 1130 392 1172 ac
410 1110 585 1189 optimates
603 1128 723 1181 omnes,
742 1128 841 1188 quam
859 1109 1025 1169 uniuersos
1043 1109 1100 1187 qui
1117 1108 1152 1169 in
1168 1108 1277 1169 literis·
1287 1127 1405 1169 nomen
1423 1107 1556 1180 habent,

355 1211 490 1272 magnae
506 1192 663 1271 imprimis
680 1191 802 1271 gratiae
819 1196 855 1252 et
871 1190 1086 1252 auctoritatis.
1125 1188 1248 1264 Quibus
1266 1190 1326 1251 hoc
1344 1208 1445 1251 vnum
1464 1209 1557 1270 agere

354 1293 393 1336 ac
409 1272 513 1335 moliri
528 1274 690 1346 videntur,
707 1272 785 1334 dnm
801 1272 952 1334 videlicet
966 1291 1041 1334 eum
1057 1291 1143 1333 nunc
1159 1279 1198 1332 vt
1213 1272 1399 1344 hereticum,
1416 1292 1502 1333 nunc
1519 1279 1558 1332 vt

312 1354 587 1428 robutheranum,
615 1362 650 1416 et
676 1355 783 1416 nescio
810 1354 929 1434 quibus
956 1354 1027 1415 aliis
1054 1353 1238 1415 nominibus
1264 1353 1442 1416 traducunt
1469 1353 1557 1434 apud

356 1437 532 1517 populum:
562 1443 601 1498 vt
617 1437 674 1516 qui
690 1456 793 1517 nuper
809 1455 868 1515 pro
885 1435 978 1497 nobis
993 1442 1029 1497 et
1044 1434 1211 1498 catholica
1227 1435 1290 1497 fide
1306 1455 1347 1497 ex
1364 1435 1507 1516 professo
1524 1456 1558 1497 se

356 1519 576 1581 aduersarium
589 1518 667 1580 fecit
682 1518 835 1592 Luthero,
850 1524 886 1579 et
900 1537 996 1597 quem
1012 1517 1174 1590 Pontifex,
1190 1518 1365 1598 prudenter
1378 1517 1559 1598 intelligens

356 1608 517 1682 quantum
549 1620 632 1663 vnus
663 1601 698 1661 in
730 1599 920 1661 alterutram
952 1606 1078 1679 partem
1111 1599 1266 1661 momenti
1299 1597 1411 1661 afferre
1439 1605 1558 1679 potest,

357 1682 446 1745 nullo
455 1702 522 1745 non
531 1681 676 1744 beneficii
686 1700 799 1762 genere
809 1680 871 1742 sibi
880 1681 993 1742 studet
1003 1681 1167 1754 demereri,
1178 1680 1397 1743 huncanobis
1407 1681 1558 1753 alienent,

316 1783 343 1838 ις
358 1771 393 1828 et
417 1784 476 1845 pro
501 1784 567 1826 vno
591 1763 743 1836 Lutherc,
769 1762 862 1842 qnasi
886 1762 1119 1825 dissentionum
1144 1769 1178 1824 et
1202 1764 1390 1825 scismatum
1413 1764 1559 1824 nondum

358 1848 439 1909 satis
452 1852 546 1919 esset,
561 1846 759 1907 exsuscitent
772 1843 936 1924 plurimos.

399 1928 612 1991 Commiserat
631 1946 691 1989 sua
711 1926 874 1990 Sanctitas
895 1926 1070 1988 reuerendo
1091 1926 1222 1988 domino
1243 1926 1438 1989 Theoderico
1460 1926 1560 1988 Hesio

360 2010 434 2072 hinc
455 2008 678 2088 proficiscenti,
699 2015 738 2070 vt
758 2027 817 2071 suo
837 2009 967 2072 nomine
988 2010 1090 2070 amice
1108 2008 1181 2070 illos
1202 2029 1240 2070 ac
1261 2015 1383 2071 secreto
1405 2014 1560 2080 moneret,

359 2111 425 2235 qpo
449 2090 586 2171 posthac
611 2090 770 2152 discerent
794 2090 883 2171 loqui
909 2090 1086 2152 modestius
1110 2098 1145 2152 et
1169 2089 1443 2170 quemadmodum
1468 2090 1562 2152 decet

314 2180 375 2236 aot
397 2172 525 2253 eologos
551 2179 586 2235 et
612 2172 797 2251 religionem
823 2172 993 2252 professos,
1021 2172 1132 2252 quales
1159 2174 1351 2234 nominatim
1378 2173 1440 2234 hac
1466 2174 1501 2234 in
1527 2192 1562 2233 re

360 2255 503 2318 sconsati
529 2261 616 2316 aunt.
658 2253 722 2317 Sed
748 2273 823 2316 cum
848 2255 979 2316 interim
1005 2274 1070 2316 non
1097 2261 1258 2317 cessarent
1282 2255 1408 2316 assidue
1435 2253 1563 2334 querele

361 2336 547 2410 multorum,
558 2354 911 2416 quorum—eorumque
922 2338 1061 2398 maxime
1072 2337 1276 2399 auctoritatis
1286 2338 1438 2409 virorum,
1453 2341 1487 2397 et
1497 2354 1562 2396 non

362 2420 456 2481 vnius
475 2418 602 2481 Erasini
619 2417 874 2480 solum-literas
894 2418 972 2481 mihi
991 2419 1135 2480 ostendit
1152 2419 1245 2480 Reus·
1266 2418 1306 2479 D.
1323 2418 1486 2491 Datarius,
1502 2418 1564 2478 nisi

360 2502 445 2564 forte
461 2522 479 2563 e
501 2521 521 2562 ο
536 2501 779 2562 interuenissem
794 2500 941 2573 feliciter,
958 2501 1025 2562 iam
1041 2500 1156 2562 datum
1173 2505 1258 2562 esset
1274 2500 1409 2562 Erasmo
1426 2499 1562 2579 Aposto-

315 2601 347 2656 ας
361 2583 460 2646 licum
514 2603 589 2645 reue
613 2584 791 2663 rigorosum
811 2581 988 2643 admodum
1009 2581 1180 2643 aduersum
1202 2582 1376 2644 Louanien.
1398 2580 1565 2661 theologos

362 2667 560 2728 detractores
585 2684 670 2726 suos.
718 2663 890 2739 Quocum
916 2664 1067 2726 videbam
1093 2665 1207 2726 honori
1233 2664 1412 2725 Facultatis
1438 2670 1564 2724 vestrae

361 2748 519 2828 imprimis
532 2747 722 2827 derogatum
734 2746 784 2818 iri,
798 2746 904 2807 restiti
918 2745 1068 2808 omnibus
1081 2746 1213 2819 viribus,
1228 2746 1308 2807 nihil
1321 2745 1475 2807 dubitans
1489 2763 1565 2806 mox

363 2836 402 2891 vt
423 2829 498 2891 hinc
520 2830 682 2900 exiuisset,
705 2827 909 2890 euolaturum
930 2828 965 2888 in
987 2827 1173 2890 uniuersum
1194 2828 1326 2900 orbem;
1360 2834 1395 2889 et
1417 2826 1565 2889 maximis

362 2910 527 2974 laboribus
551 2911 607 2971 vix
630 2909 803 2988 impetraui
828 2915 867 2970 vt
887 2909 1089 2971 retineretur.
1138 2910 1261 2972 Tamen
1284 2910 1355 2971 loco
1378 2909 1464 2970 illius
1487 2907 1566 2969 mihi

318 2993 545 3071 3oiniunctum
565 2998 615 3053 est
636 2990 678 3052 ad
698 2997 841 3052 vestram
861 2990 1112 3052 Vniuersitatem
1133 2990 1279 3065 scribere,
1301 2998 1340 3053 vt
1360 2992 1448 3052 omni
1469 2988 1566 3051 modo

364 3073 534 3154 prouideat
547 3093 588 3135 ne
602 3072 708 3153 plnres
719 3072 816 3134 istinc
835 3071 962 3151 querele
976 3071 1163 3135 afferantur.
1197 3073 1333 3135 Eresmo
1346 3074 1448 3135 eciam
1462 3074 1567 3133 iussus

363 3175 437 3218 sum
451 3156 512 3217 hac
526 3155 614 3216 dere
629 3174 687 3234 per
699 3154 810 3215 literas
825 3154 1021 3216 satisfacere.

405 3236 511 3311 Quare
524 3237 587 3298 mei
604 3236 699 3297 officii
715 3256 783 3297 esse
800 3236 915 3315 putaui
932 3237 1034 3298 eciam
1052 3236 1094 3298 ad
1111 3236 1149 3298 V.
1168 3237 1204 3298 P.
1222 3237 1369 3309 scribere,
1387 3243 1422 3297 et
1438 3254 1568 3296 monere

363 3318 493 3380 easdem
505 3324 543 3379 vt
553 3319 712 3380 rationem
724 3318 868 3380 habeant
879 3318 1009 3380 honoris
1020 3320 1081 3391 aui,
1093 3337 1191 3398 quem
1203 3318 1255 3379 hic
1267 3318 1451 3380 studuimus
1465 3316 1568 3378 modis

318 3427 348 3481 35
364 3400 625 3462 omnibusfacere
633 3418 699 3461 non
707 3398 883 3479 vulgarem,
893 3406 927 3461 et
938 3399 1180 3481 diligentissime
1191 3419 1317 3479 semper
1328 3399 1566 3479 promouimus:

363 3483 416 3545 oui
436 3481 599 3562 perillam
619 3480 845 3544 nonnullorum
869 3483 1090 3561 peruicatiam,
1111 3482 1370 3544 maledicentiam
1389 3487 1424 3543 et
1444 3480 1567 3541 detrac-

363 3566 498 3709 tiionem,
537 3570 572 3625 et
611 3563 748 3625 aliorum
786 3563 933 3625 assiduas
971 3571 1086 3627 contra
1122 3584 1180 3626 vos
1213 3563 1360 3644 querelas
1395 3562 1568 3643 plurimum

387 3653 548 3728 erogatur.

405 3729 477 3792 Meo
492 3730 604 3809 itaque
617 3728 734 3790 iuditio
748 3746 847 3808 quam
860 3728 1036 3790 rectissime
1049 3728 1176 3790 facietis
1189 3727 1217 3790 si
1230 3747 1284 3790 eos
1299 3728 1355 3808 qui
1369 3728 1419 3789 his
1433 3725 1570 3871 querelis

316 3836 353 3886 4⁰
365 3810 442 3874 dare
461 3831 527 3874 non
547 3816 675 3873 cessant
694 3810 904 3884 occasionem,
926 3810 1102 3873 modestius
1120 3809 1211 3892 loqui
1230 3811 1363 3891 cogatis,
1385 3816 1419 3871 et
1462 3808 1569 3870 omino

366 3894 502 3956 Erasmo
514 3913 571 3974 per
582 3894 693 3955 literas
707 3899 831 3954 vestras
846 3893 1086 3972 quamprimum
1096 3892 1317 3955 satisfeceritis
1330 3913 1337 3965 ;
1362 3898 1401 3953 vt
1410 3890 1514 3954 intelli
1535 3896 1571 3950 at

365 3976 426 4037 sibi
454 3976 589 4056 posthac
616 3975 659 4036 ab
683 3974 747 4036 illis
773 3973 854 4035 nihil
879 3974 1061 4036 timendum
1084 3974 1164 4049 fore,
1188 3981 1223 4037 et
1246 3974 1439 4037 sanctissimi
1463 3971 1504 4033 D.
1515 3910 1567 4032 gN

366 4075 425 4136 pro
456 4078 490 4117 se
523 4056 680 4119 mandata
710 4056 799 4136 apud
830 4075 889 4117 vos
921 4057 1092 4135 profecisse
1124 4055 1257 4136 aliquid.
1309 4055 1381 4131 Quo
1413 4075 1471 4116 vos
1505 4073 1570 4115 non

365 4138 540 4216 difier[r]at
552 4157 714 4209 excusare,
728 4139 828 4198 immo
839 4144 873 4199 et
883 4139 949 4199 suis
961 4136 1063 4200 literis
1073 4138 1297 4200 commendare
1311 4137 1399 4217 apud
1413 4137 1513 4197 Reum·
1530 4136 1570 4196 D.

319 4244 351 4295 45
367 4219 539 4280 Datarinm
563 4227 597 4279 et
619 4219 759 4298 reliquos
783 4218 835 4280 hic
859 4220 989 4293 amicos,
1014 4240 1055 4282 ne
1082 4238 1259 4300 paucorum
1285 4218 1382 4298 culpa
1408 4217 1571 4298 preclaris·

365 4301 445 4362 sime
465 4299 627 4361 Facultati
644 4302 834 4379 imputetur.
871 4299 966 4375 Quod
983 4303 1049 4364 scio
1061 4301 1163 4373 illum,
1178 4301 1206 4361 si
1223 4300 1424 4378 scripseritis,
1440 4317 1571 4378 prosus

367 4382 572 4444 humanitate
597 4381 759 4443 iacturum
788 4382 1111 4462 magnificentissime.
1161 4382 1230 4462 Ego
1256 4381 1386 4442 interim
1414 4398 1473 4459 pro
1501 4399 1573 4441 mea

367 4463 452 4606 duim
463 4482 532 4605 pon
548 4462 680 4524 cessabo
695 4464 849 4525 honorem
865 4471 1020 4538 vestrum,
1037 4484 1134 4545 quern
1149 4470 1184 4526 et
1200 4482 1308 4525 meum
1323 4462 1417 4536 duco,
1434 4463 1519 4524 tueri
1535 4482 1572 4523 ac

390 4565 462 4608 een
486 4565 548 4606 ere.

320 4650 354 4706 50
407 4625 520 4688 Valete
534 4623 680 4699 feliciter,
696 4633 731 4688 et
745 4626 829 4687 hanc
842 4627 1108 4691 festinantissime
1123 4634 1158 4691 et
1172 4626 1405 4709 neglectissime
1419 4628 1574 4708 scriptam

405 4937 443 4974 η.
461 4919 654 4983 aduenarium]
672 4922 713 4986 By
727 4922 832 4987 writing
848 4923 895 4972 the
909 4924 947 4974 Dc
1028 4936 1068 4986 23.
1088 4922 1228 4986 Murius]
1267 4922 1389 4979 (liberti;
1438 4932 1481 4968 see
1521 4918 1570 4982 Ep.

367 4989 446 5041 libero
456 4987 577 5046 arbim
591 5002 635 5037 see
649 4988 717 5053 Epp.
733 5002 857 5051 1419-20.
872 4990 944 5050 1481.
997 4994 1082 5051 1443·-

406 5070 444 5119 17.
463 5051 558 5115 Hesio]
572 5053 619 5106 See
633 5054 682 5119 Ep.
701 5066 772 5118 1339.
1027 5066 1068 5116 3&
1088 5054 1118 5104 V.
1132 5051 1289 5115 P.]vestras
1299 5050 1484 5116 paternitates.
