3534 5984
354 674 414 739 328
710 674 904 738 LE'I'PERS
925 674 982 738 01¹*
1002 674 1202 738 ERASMUS
1463 674 1564 753 [1526

355 842 456 924 gloria
465 863 531 905 non
542 843 637 906 cedat
646 846 682 906 in
692 841 1085 987 vtihmtefflomdm
1095 842 1151 921 qui
1162 860 1257 903 suum
1268 847 1370 923 egunt
1379 842 1562 922 negocium,

355 925 412 987 sed
430 926 464 986 in
483 925 646 1006 publicam
665 925 826 987 Ecclesiae

309 1030 341 1082 35
356 1006 442 1068 vnde
455 1007 507 1069 hic
521 1007 682 1069 tumultus
696 1007 879 1087 pullulauit.

396 1087 476 1168 Ego,
499 1089 588 1169 quod
609 1090 719 1169 negari
741 1107 807 1150 non
829 1095 949 1170 potest,
972 1088 1113 1149 excitaui
1135 1086 1318 1167 linguarum
1341 1106 1378 1148 ao
1400 1087 1562 1149 bonarum

354 1168 536 1231 litterarum
549 1170 668 1232 studia.
702 1170 910 1250 Theologiam
922 1168 1156 1241 scholasticam,
1170 1170 1306 1230 nimium
1319 1167 1503 1248 prolapsam
1518 1168 1562 1229 ad

354 1250 1561 1397 &thitffittttiitttlllffiffittffi

307 1414 602 1489 scindormientem
631 1416 675 1477 ad
704 1435 815 1478 veram
844 1378 1001 1495 pietatem
1029 1350 1270 1494 expergelltcere
1299 1413 1425 1475 studui.
1471 1412 1562 1475 Nulli

354 1496 489 1559 factioni
515 1517 566 1559 me
592 1517 736 1577 vnquam
762 1497 907 1570 adiunxi,
933 1516 992 1558 nec
1017 1497 1085 1575 ipse
1110 1495 1285 1557 factionem
1311 1494 1411 1557 vllam
1436 1494 1561 1575 collegi.

355 1576 458 1640 Iutot
468 1580 548 1641 meis
556 1579 834 1641 lucubrationibus
843 1578 968 1640 nullum
978 1577 1084 1640 sdhuo
1093 1577 1287 1641 damnatum
1296 1577 1415 1658 dogma
1423 1584 1562 1657 possunt

355 1660 545 1734 ostendere3
574 1663 707 1723 tametsi
724 1670 802 1722 sunt
819 1662 876 1740 qui
893 1659 1049 1722 nonnulis
1065 1665 1240 1739 torqueant
1257 1659 1500 1740 deprauentque
1518 1657 1562 1718 ad

354 1744 566 1822 suspitionem
592 1752 650 1805 aut
674 1742 879 1804 calumniam.
926 1740 1046 1803 Verum
1069 1742 1121 1803 hic
1145 1748 1329 1821 temporum
1352 1747 1469 1814 status,
1494 1758 1562 1820 quc

307 1848 341 1901 45
355 1822 492 1886 subinde
522 1842 609 1886 noua
638 1824 793 1904 dogmata
822 1824 1149 1897 exoriuntur,—inter
1178 1842 1242 1902 que
1272 1842 1375 1903 nuper
1403 1822 1494 1894 illud,
1526 1823 1562 1883 in

300 1955 316 1992 κ
356 1904 561 1967 Eucharistia
582 1926 648 1967 non
670 1926 738 1967 esse
759 1907 822 1967 nisi
843 1908 970 1986 signum
993 1906 1134 1987 corporis
1155 1904 1317 1978 dominici,
1340 1902 1449 1966 subito
1470 1903 1560 1965 latis·

355 1988 435 2048 sime
453 1993 669 2067 propagatum
685 1993 855 2061 est-non
872 1986 988 2068 prebet
1007 1988 1113 2049 ocium
1134 1986 1257 2048 talibus
1275 1983 1562 2058 'cauillationibus3

355 2086 438 2147 quas
467 2069 519 2130 vel
547 2070 582 2130 in
612 2068 756 2131 Paulinis
786 2068 943 2150 Epistolls
970 2068 1069 2131 liceat
1097 2070 1305 2142 comminisci,
1335 2069 1364 2130 si
1392 2068 1564 2148 contingat

354 2149 504 2212 inimicus
521 2150 691 2231 interpres.

310 2255 343 2307 50
397 2229 503 2293 Oncro
523 2238 616 2294 tuam
637 2232 860 2295 celsitudinem
880 2233 1077 2313 grauissimis
1098 2232 1378 2312 occupatissimam
1399 2231 1562 2311 negociis3

355 2330 468 2373 verum
500 2313 544 2374 ad
598 2313 738 2376 ublicam
770 2313 1042 2393 tranquillitatem
1074 2315 1233 2394 pertinere
1264 2319 1355 2375 ratus
1387 2332 1469 2386 sum,
1501 2331 1563 2375 nec

355 2391 544 2457 Caesaream
575 2333 780 2459 limestatem
811 2416 871 2459 neo
902 2403 996 2459 tuam
1028 2394 1276 2476 amplitudinem
1307 2395 1423 2457 harum
1454 2413 1562 2456 rerum

354 2475 500 2556 ignaram
523 2497 614 2540 esse:
651 2479 703 2540 cui
727 2498 778 2540 me
802 2484 911 2540 tetum
934 2476 1030 2540 trudo
1053 2476 1241 2557 dedicoque,
1265 2496 1399 2558 precam
1420 2476 1468 2539 illi
1491 2494 1562 2556 par-

355 2564 490 2640 petuam
502 2558 693 2622 felicitatem
706 2559 749 2621 ab
763 2579 802 2622 eo
815 2580 836 2623 a
848 2579 915 2640 quo
928 2558 1001 2621 fluit
1014 2577 1080 2621 vno
1093 2578 1171 2621 vera
1182 2558 1330 2621 felicitas.

310 2665 340 2717 55
396 2639 521 2703 Datum
536 2640 682 2704 Basileae
697 2658 727 2719 3.
744 2641 810 2705 Cal.
826 2642 939 2704 Maias.
955 2640 1016 2703 An.
1035 2640 1124 2718 1526.

1044 2723 1180 2803 Magni⁰⁰
1198 2723 1239 2784 D.
1256 2721 1294 2784 T.
1313 2723 1510 2803 mancipium

1079 2804 1170 2867 Erus.
1186 2805 1263 2866 Rot.
1280 2824 1353 2866 mea
1366 2823 1476 2867 manu.

395 2902 565 2984 Magnifice
574 2903 615 2966 D.
626 2903 806 2965 Mercurino
816 2902 1011 2978 Gattinario,
1022 2903 1174 2967 cesareae
1183 2902 1364 2966 Maiestatis
1373 2901 1563 2966 cancellario

353 3003 490 3048 summo.
533 2985 574 3047 In
592 2985 761 3066 Hispania.

918 931 1032 987 tatem.
1074 922 1114 984 Id
1133 922 1190 985 liet
1208 925 1236 985 si
1255 925 1454 1005 corrigantur
1472 924 1564 987 mala

677 3201 771 3263 1701.
817 3195 870 3262 To
894 3196 1024 3263 Pumr
1045 3196 1198 3265 Nrcons.

389 3364 468 3435 Opus
480 3364 671 3435 Epistolarum
683 3384 712 3438 p.
724 3368 788 3423 826.

388 3451 424 3508 N.
438 3468 466 3522 p.
477 3455 533 3521 789
545 3472 553 3509 ε
576 3453 665 3511 lond.
678 3456 737 3511 xxi
748 3471 804 3527 24²
828 3455 886 3512 LB.
898 3459 961 3513 812.

387 3604 1564 3727 [Bmmthagreatingsatntheendtcthmefflpcrialsscmtpflunouinspaiutha

353 3686 450 3750 parson
459 3671 602 3725 addrmed
611 3689 675 3739 may
685 3674 718 3727 be
728 3674 865 3727 identified
875 3681 980 3754 coerect
1047 3674 1168 3741 yrntha
1178 3674 1317 3742 Philippos
1325 3674 1427 3735 Nicola,
1439 3675 1499 3728 who
1509 3692 1563 3730 m

353 3738 781 3882 &teneritate
790 3740 1080 3859 {litim
1091 3739 1342 3866 tramete
1351 3741 1563 3873 emittit

353 3868 383 3919 ln
392 3868 439 3920 the
449 3868 564 3921 Vatican
626 3869 702 3923 hiras
712 3871 829 3934 (letters
839 3872 873 3924 ds
883 3872 1000 3939 Prinoipi
1011 3874 1046 3936 3).
1074 3871 1098 3922 Δ
1109 3871 1188 3924 letter
1197 3871 1266 3922 imm
1277 3870 1332 3922 him
1342 3877 1373 3923 to
1383 3871 1563 3939 Hieronymus

354 3933 499 3995 Perbonua,
515 3938 634 4002 marquis
649 3936 678 3988 oi
693 3936 789 3997 Incisa,
806 3936 888 3989 dsted
904 3938 973 3991 irem
989 3937 1126 3996 Plsoenm,
1146 3950 1176 4001 13
1191 3936 1261 3989 ch.
1282 3950 1292 3987 r
1312 3939 1394 3999 29,is
1443 3940 1449 3951 '
1469 3938 1516 3990 ted
1531 3943 1563 3990 at

353 3998 563 4118 {ew
582 4002 611 4053 or
629 4002 942 4120 rannp‘ffim
961 4003 1044 4067 opu,
1063 4002 1153 4119 pum,
1174 4002 1206 4054 v.
1225 4001 1287 4053 isse
1324 4005 1383 4062 ,ιε
1444 4009 1464 4056 t.
1488 4017 1561 4070 15³³·

387 4130 445 4211 [l'he
452 4081 773 4213 pgr-dllepgrcoffislll
783 4134 820 4213 hy
827 4084 1214 4211 thessnlrogiuonmilitlinffmes,
1225 4132 1311 4184 which
1318 4132 1373 4185 had
1382 4133 1562 4212 begunsbcuc

353 4193 508 4327 &hirpin
532 4198 587 4249 and
603 4198 640 4266 by
655 4199 701 4251 the
716 4199 883 4252 commdenca
898 4200 927 4251 oi
941 4197 1111 4252 mcnthdste
1126 4198 1191 4250 ruth
1206 4198 1256 4265 Ep.
1277 4212 1350 4264 1700,
1365 4199 1422 4251 also
1437 4215 1516 4267 going
1531 4205 1561 4251 to

613 4377 767 4424 summvs
787 4379 863 4425 sou.
885 4377 1034 4425 mconso
1055 4378 1201 4425 maruno
1223 4379 1250 4425 s.
1264 4379 1298 4425 u.

395 4463 469 4525 Eoo
488 4483 575 4539 vero,
594 4466 767 4530 clurissime
784 4470 921 4542 iuuenis,
939 4476 975 4531 et
991 4476 1087 4531 tuum
1104 4470 1204 4531 istum
1222 4488 1298 4551 erga
1315 4469 1417 4533 bonas
1434 4470 1562 4533 litteras

353 4561 498 4607 umorem
511 4553 547 4608 et
564 4549 709 4611 animum
726 4551 762 4612 iu
780 4569 832 4612 me
850 4557 922 4613 tam
940 4550 1115 4613 candidum
1132 4550 1247 4614 lubens
1266 4550 1443 4633 amplector
1461 4559 1561 4633 etque

354 4626 530 4701 exosculor,
544 4630 644 4691 etiam
657 4637 757 4711 etque
773 4632 873 4693 etiam
892 4633 1068 4695 exhortans
1086 4640 1121 4695 et
1139 4640 1331 4708 currentem,
1349 4633 1439 4714 quod
1456 4636 1560 4709 aiunt,

354 4708 560 4784 extimulans,
568 4712 618 4772 vti
627 4714 834 4794 quacoepisti
840 4733 965 4795 pergas,
972 4716 1151 4796 etpriscam
1159 4713 1419 4796 Hiapaniaatuae
1427 4715 1562 4797 gloriam

326 4791 545 4866 sinstaurare,
566 4800 601 4856 et
621 4792 805 4858 clarissimis
827 4797 987 4859 maiorum
1010 4804 1142 4860 tuorum
1162 4796 1358 4879 imaginibus
1375 4797 1560 4861 litterarum

573 5005 647 5057 1700.
664 5007 743 5071 45-6.
760 5005 789 5058 in
802 5004 978 5073 Eucharistia]
993 5007 1042 5061 See
1056 5008 1106 5076 Ep
1125 5013 1188 5075 1636
1201 5008 1298 5063 introtl
