3534 5984
298 700 340 759 ιι
657 693 851 756 remeas
872 694 929 756 or
950 693 1150 756 ramnus
1412 695 1511 771 [1525

298 864 332 923 in
355 861 442 957 fusili
463 860 526 921 tibi
548 858 679 940 perinde
701 858 890 1001 coffiimet
911 857 1072 953 Lysippus
1095 857 1236 954 aliquisl⁸
1274 857 1422 954 cubiculi
1446 861 1512 956 mei

299 940 748 1097 ldlbltffhlhltt
765 1022 800 1082 e
811 939 1192 1094 illhiihbpli‘lllh
1205 939 1512 1101 {tulllius

253 1132 288 1180 40
300 1126 365 1168 non
381 1108 511 1185 possim.
549 1106 742 1184 Quanquam
759 1104 837 1165 mihi
853 1103 984 1182 quidem
1000 1103 1155 1163 memoria
1168 1102 1288 1165 nullius
1301 1103 1349 1166 rei
1363 1106 1511 1167 tenacior

299 1209 368 1249 esse
383 1186 466 1248 solet
481 1207 580 1266 quam
596 1186 782 1248 amicorum.
819 1185 913 1247 Certe
929 1183 1108 1245 Bilibaldus
1123 1183 1269 1246 excidere
1284 1205 1350 1246 non
1366 1193 1510 1265 poterat,

300 1270 401 1331 etiam
426 1270 453 1329 si
478 1268 602 1331 nullum
623 1271 815 1349 μνημόωινον,
836 1266 944 1328 nullae
967 1267 1134 1345 imagines,
1159 1265 1267 1328 nullae
1289 1266 1403 1330 literae
1428 1270 1510 1331 mihi

299 1351 488 1413 rehicarent
501 1350 587 1412 illius
603 1351 801 1413 memoriam.
839 1348 1053 1410 Vehementer
1068 1347 1245 1409 iucundum
1261 1355 1297 1410 et
1310 1348 1402 1423 illud,
1420 1350 1511 1431 quod

300 1433 360 1495 hac
377 1434 543 1495 occasione
557 1432 708 1513 frequens
724 1432 827 1492 oritur
842 1448 916 1491 cum
933 1430 1044 1491 amicis
1060 1430 1116 1509 qui
1132 1449 1184 1491 me
1199 1430 1312 1492 visunt
1327 1431 1367 1493 de
1383 1438 1417 1493 te
1433 1451 1509 1493 con·

253 1535 284 1589 45
298 1514 468 1576 fabulatio.
507 1514 601 1589 Quod
615 1515 643 1575 si
657 1520 733 1575 tuto
748 1517 967 1575 commearent
981 1511 1137 1591 epistolae
1151 1518 1295 1586 mutuae,
1311 1512 1509 1592 quantulum

299 1603 394 1669 esset,
417 1596 559 1669 obsecro,
582 1595 670 1675 quod
692 1594 744 1656 vel
765 1614 825 1674 ego
846 1594 897 1655 tui
919 1592 1030 1654 voltu
1053 1594 1117 1654 mei
1137 1592 1361 1656 desiderares?
1397 1594 1509 1657 Habes

300 1679 472 1739 Erasmum
492 1678 629 1739 fusilem.
672 1678 702 1737 A
721 1675 868 1748 Durerio,
889 1680 985 1735 tanto
1005 1674 1157 1736 nimirum
1178 1675 1311 1749 artifice,
1355 1676 1423 1757 iugi
1443 1696 1509 1739 nou

299 1780 464 1832 recusem;
502 1759 559 1821 sed
584 1759 641 1838 qui
665 1759 778 1838 possit,
804 1777 870 1818 non
895 1756 1000 1818 video.
1047 1756 1133 1817 Nam
1158 1756 1234 1817 olim
1261 1777 1312 1819 me
1365 1758 1509 1821 ruxellae

300 1840 471 1903 deliniauit
480 1847 622 1913 tantum,
634 1847 670 1901 at
681 1847 832 1918 coeptum
844 1858 926 1918 opus
936 1839 1179 1918 interrupenmt
1191 1838 1286 1900 aulici
1299 1839 1506 1902 salutatores.

255 1947 287 1999 50
301 1924 495 2001 Quanquam
517 1924 584 1983 iam
608 1921 685 1983 olim
707 1920 820 1982 infelix
844 1920 1009 1999 exemplar
1031 1920 1169 1981 exhibeo
1192 1920 1381 2000 pictoribus,
1404 1922 1509 1985 indies

301 2003 504 2067 exhibiturus
519 2002 689 2065 infelicius.

342 2086 416 2159 Hic,
433 2086 477 2147 mi
493 2084 662 2157 Bilibalde,
678 2090 772 2146 crant
787 2084 930 2164 agendae
945 2084 1078 2164 gratiae,
1095 2084 1157 2145 nisi
1172 2090 1242 2145 tam
1258 2092 1383 2147 arctam
1399 2086 1507 2147 existi·

302 2187 424 2229 marem
438 2174 583 2229 nostram
596 2165 864 2229 necessitudinem
885 2171 923 2227 vt
936 2166 997 2227 hoo
1016 2166 1148 2245 vulgare
1166 2185 1266 2246 genus
1285 2166 1381 2228 officii
1398 2173 1508 2229 totum

300 2251 386 2311 inter
405 2268 464 2310 noa
482 2247 648 2311 sublatum
668 2267 736 2309 esse
756 2248 893 2309 deceret.
935 2246 1060 2309 Deinde
1080 2254 1128 2321 tu,
1149 2254 1306 2327 perpetuo
1325 2250 1376 2311 tui
1395 2249 1509 2311 similis

255 2358 269 2410 ς
272 2357 285 2410 5
301 2333 335 2392 in
349 2331 541 2393 demerendo
555 2351 616 2404 me,
631 2329 765 2391 effecisti
779 2334 817 2390 vt
829 2330 896 2390 iam
911 2329 990 2389 mihi
1003 2348 1126 2390 nouum
1139 2349 1205 2390 non
1218 2330 1263 2391 sit
1276 2329 1399 2409 aliquid
1412 2330 1507 2393 bena-

300 2413 446 2475 liciorum
467 2414 530 2475 huc
552 2412 709 2492 proficisci
731 2431 751 2473 a
772 2410 943 2472 Bilibaldo.
987 2409 1073 2472 Satis
1095 2410 1239 2472 declaras
1259 2431 1359 2491 quam
1380 2413 1443 2474 tibi
1464 2413 1509 2475 sit

301 2515 396 2557 curae
415 2514 488 2557 mea
506 2494 603 2568 salua,
624 2494 680 2575 qui
700 2499 752 2554 tot
770 2492 919 2555 remediis
939 2511 989 2553 me
1010 2493 1143 2553 armaris
1163 2492 1317 2555 aduersus
1336 2492 1507 2556 calculum.

300 2576 530 2639 Terebinthino
553 2577 609 2639 vix
633 2576 770 2649 assueui‚
794 2594 880 2635 nunc
904 2580 979 2635 vtor
1002 2573 1182 2653 aliquoties.
1228 2574 1310 2636 Ritii
1332 2574 1509 2655 pharmaco

301 2659 445 2720 nondum
466 2679 542 2720 vsua
561 2679 645 2732 sum,
665 2657 754 2738 quod
773 2657 887 2737 hyems
906 2655 1067 2735 quaedam
1087 2654 1180 2718 nobis
1199 2663 1333 2736 negaret
1374 2676 1435 2719 uae
1454 2657 1509 2720 illa

253 2755 289 2803 60
301 2741 499 2821 praescribit.
550 2738 721 2802 Habebam
753 2745 865 2800 tamen
898 2736 986 2798 aliud
1017 2736 1064 2797 illi
1095 2736 1292 2799 simillimum
1320 2759 1335 2798 s
1405 2740 1509 2821 magis

300 2822 471 2895 medicum,
493 2822 553 2883 hoc
573 2828 625 2883 est
645 2822 751 2881 minus
771 2819 926 2899 simplex;
954 2819 1087 2880 tametsi
1111 2817 1277 2898 probabile
1300 2826 1352 2881 cat
1374 2821 1463 2901 quod
1487 2842 1509 2884 a

301 2904 431 2965 medicis
447 2903 558 2982 peritis
574 2903 692 2981 accepi,
708 2901 882 2962 diureticas
898 2902 1045 2980 potiones
1060 2919 1126 2962 non
1141 2921 1209 2963 csse
1224 2901 1349 2963 dandas
1364 2904 1427 2964 nisi
1441 2904 1508 2965 iam

301 2990 439 3064 purgato
452 3001 594 3062 corpore,
608 3002 673 3062 quo
686 2981 839 3062 proluant
851 2984 879 3044 si
892 2982 971 3062 quid
984 2981 1103 3044 resedit
1116 2982 1193 3044 mali
1207 3003 1213 3045 :
1239 2983 1361 3063 alioqui
1373 2985 1508 3047 crudam

301 3065 471 3126 materiam
483 3083 592 3125 secum
605 3064 727 3126 deferre
739 3064 774 3125 in
785 3063 851 3126 ilia.
886 3063 1022 3126 Affatim
1033 3065 1212 3126 instructus
1224 3085 1297 3126 sum
1310 3066 1508 3128 medicorum

254 3161 285 3223 ⁶⁵
300 3145 1508 3308 tulllth‘dthhhlsstll0ellllllhglhldholu

300 3309 448 3451 remedi:l
455 3308 591 3370 subinde
604 3330 639 3371 se
653 3315 766 3383 nouat,
782 3315 820 3371 vt
834 3310 902 3389 ipse
917 3329 1150 3389 nonnunquam
1164 3309 1259 3390 plane
1275 3311 1404 3373 credam
1419 3312 1508 3374 aliud

301 3411 368 3453 esse
383 3411 415 3451 m
449 3411 514 3452 um.

341 3472 382 3533 In
397 3473 640 3553 cruciatu—qui
654 3473 737 3535 solet
752 3493 820 3534 esse
835 3471 1056 3546 intolerabilis,
1073 3493 1174 3552 quum
1190 3480 1348 3554 tyrannus
1363 3474 1417 3537 ille
1432 3496 1508 3537 cum

255 3576 289 3626 70
300 3574 359 3615 suo
373 3553 494 3616 crudeli
507 3556 665 3617 comitatu
679 3555 838 3635 demigrat
851 3575 869 3615 e
882 3553 1001 3615 lumbis
1015 3574 1072 3633 per
1085 3554 1141 3616 ilia
1153 3556 1188 3617 in
1201 3557 1363 3636 regionem
1377 3557 1507 3637 splenia,

299 3636 374 3698 inde
390 3643 600 3716 perrupturus
614 3638 649 3699 in
665 3638 815 3710 vesicam,
831 3636 985 3709 lacerans,
1002 3656 1125 3698 vexans
1141 3656 1178 3698 ac
1194 3637 1387 3716 perturbans
1403 3637 1509 3702 obiter

300 3718 409 3779 omnia
422 3740 428 3791 ;
453 3719 726 3798 quemadmodum
737 3718 843 3780 solent
854 3718 988 3779 violenti
1001 3718 1169 3797 principes,
1182 3719 1238 3799 qui
1250 3720 1352 3800 magis
1363 3720 1509 3800 gaudent

297 3801 405 3863 timeri
429 3820 528 3881 quam
552 3802 871 3863 amari-remedium
894 3799 1055 3861 habebam
1078 3799 1167 3879 quod
1189 3820 1357 3880 nunquam
1379 3802 1506 3875 fefellit,

298 3883 361 3944 uisi
389 3884 536 3964 proximo
563 3903 777 3964 paroxysmo;
813 3883 870 3962 qui
898 3888 949 3944 nte
977 3882 1022 3942 sic
1050 3881 1184 3942 adortus
1211 3889 1263 3944 est
1288 3882 1350 3944 sub
1374 3882 1505 3946 Calend.

254 3985 284 4039 75
299 3964 500 4038 Februarias,
521 3966 601 4027 nihil
620 3965 687 4028 tale
706 3966 935 4046 suspicantem,
957 3969 996 4025 vt
1015 3965 1210 4043 sperauerim
1230 3964 1389 4026 malorum
1409 3966 1508 4027 finem

211 4118 213 4125 Α
299 4053 334 4108 et
349 4048 480 4108 initium
497 4048 585 4108 vitae
601 4048 841 4128 tranquillioris.
880 4046 955 4108 Non
972 4045 1060 4125 quod
1077 4046 1172 4106 huius
1190 4065 1241 4107 me
1257 4046 1346 4107 vitae
1362 4046 1507 4122 taedeat,

299 4128 326 4188 ei
337 4126 425 4188 Deua
433 4126 547 4187 iubeat
557 4129 700 4188 animum
711 4130 816 4190 adhuc
826 4129 987 4191 demorari
996 4129 1030 4188 in
1041 4128 1136 4188 huius
1146 4127 1326 4206 corpusculi
1335 4129 1506 4207 praesidio,

299 4208 355 4268 sed
366 4206 454 4287 quod
465 4225 539 4267 cum
549 4207 650 4269 Paulo
660 4208 791 4271 dissolui
801 4210 931 4289 cupiam
941 4215 975 4270 ot
984 4229 1052 4272 esse
1061 4228 1136 4271 cum
1144 4208 1282 4271 Christo.
1314 4209 1506 4273 Remedium

300 4307 365 4349 non
381 4289 470 4368 prius
487 4288 566 4349 scies
582 4308 680 4366 quam
696 4290 835 4352 indicem
852 4296 1009 4352 autorem.
1048 4291 1081 4351 1s
1097 4298 1168 4353 erat
1183 4291 1325 4353 Thomas
1340 4291 1506 4366 Linacrus,

333 4522 373 4573 37.
392 4506 798 4576 Cubicuh]Oi.Ep.1543.7-8.
996 4512 1074 4575 Ritii]
1097 4516 1145 4566 See
1168 4516 1236 4581 Epp.
1261 4518 1317 4580 548.
1344 4530 1403 4581 1511,
1431 4522 1506 4583 1560,

331 4588 373 4639 47.
393 4577 534 4626 Erasmum
548 4574 664 4637 fusilem]
680 4576 789 4643 Sasllp.
804 4581 876 4642 1408.
929 4580 1188 4644 1568,1603,1611.
1226 4580 1275 4632 His
1376 4597 1431 4634 na
1448 4599 1506 4650 par-

927 4645 995 4711 haps
1012 4645 1058 4696 the
1075 4646 1183 4712 ramedy
1199 4646 1286 4697 which
1302 4649 1330 4699 in
1366 4663 1409 4700 an.
1428 4649 1506 4701 Eru-

332 4656 359 4691 n.

299 4654 373 4766 2948.
393 4703 594 4765 Bruxellaaffl.
609 4709 677 4773 app,
692 4710 878 4772 1136introd.,
927 4726 986 4761 mus
1010 4710 1065 4760 had
1087 4717 1136 4762 not
1159 4713 1289 4763 ventmad
1312 4718 1342 4763 to
1365 4729 1429 4765 use:
1462 4729 1506 4766 aaa

301 4775 373 4837 1536.
389 4785 427 4822 ιι.
927 4778 977 4842 Ep.
994 4791 1003 4827 ι
1010 4780 1065 4841 5³6·
1082 4791 1170 4841 14-15.

330 4851 373 4899 49.
391 4835 562 4913 salutatores]
573 4839 612 4889 cl.
626 4840 674 4904 llp.
691 4854 762 4902 1342.
778 4842 853 4905 158n.
960 4855 1000 4906 74.
1020 4844 1141 4908 proximo
1171 4842 1343 4909 paroxysmo]
1375 4846 1422 4896 See
1454 4846 1504 4914 up.

334 4915 372 4966 50.
392 4903 455 4953 olim
471 4900 573 4961 mialix]
589 4903 628 4956 Ol.
645 4905 686 4955 his
700 4906 767 4968 jesu
782 4907 810 4957 in
825 4907 876 4972 Ep.
928 4922 1000 4973 1543.
1017 4922 1074 4970 ι4ιι.

299 4972 357 5033 5⁸4
369 4982 445 5031 9-14
960 4975 1001 5037 78.
1019 4970 1114 5033 Paulo]
1125 4973 1192 5025 Phil.
1206 4989 1226 5025 1.
1239 4989 1280 5039 23.

333 5035 373 5099 58.
391 5030 591 5095 Terebinthinol
605 5034 645 5087 Oi.
662 5036 711 5101 Ep.
730 5038 802 5098 1466
818 5040 858 5101 63.
960 5052 1001 5103 79.
1020 5037 1157 5099 Linacrm]
1192 5039 1256 5090 uhu
1290 5042 1397 5107 epiaods
1432 5048 1506 5096 must
