3534 5984
350 706 410 768 ree
703 702 898 768 lemnes
920 702 1198 768 cumeanus
1458 705 1553 782 [1525

347 867 504 942 Parrisiis,
528 869 590 930 sim
612 867 716 931 liciter
738 868 898 929 insanum.
944 866 1003 929 cm·
1025 865 1258 947 respondimus,
1282 885 1349 928 non
1371 868 1555 946 responsuri

303 972 335 1027 ³5
347 886 915 1095 madelgallrfigamtestmpltnr
938 950 1117 1093 gemm
1142 948 1251 1092 mlo
1272 967 1364 1045 orum
1379 968 1553 1045 excusum.

516 1050 636 1096 sceera
740 1049 778 1093 us
810 1049 845 1094 m
868 1048 906 1092 us
1044 1049 1148 1092 norun
1309 1049 1553 1093 mmrcenorum.

348 1113 536 1177 Vincentius
566 1114 665 1177 homo
693 1111 885 1176 rudentibus
915 1118 975 1174 aut
1003 1049 1089 1174 eiius
1117 1118 1226 1187 natus,
1257 1131 1343 1174 nunc
1373 1112 1554 1193 theologiae

348 1194 471 1270 doctor,
486 1202 564 1258 ante
577 1214 680 1258 annos
693 1195 737 1257 ali
759 1200 819 1256 not
831 1195 894 1257 sori
950 1199 1004 1255 rat
1016 1192 1134 1256 librum
1147 1196 1182 1255 in
1196 1214 1257 1257 me.
1293 1194 1379 1257 Eum
1393 1200 1432 1256 vt
1445 1195 1556 1257 liceret

347 1276 452 1352 edere,
470 1276 635 1358 proiectus
652 1283 703 1340 est
780 1295 876 1338 snum
922 1276 1067 1338 icarium.
1104 1275 1138 1337 Is
1156 1277 1287 1338 omnino
1305 1277 1413 1338 vetuit
1430 1296 1471 1338 ne
1488 1275 1555 1338 tale

301 1358 473 1434 4oiaoinus
491 1359 636 1422 auderet.
676 1358 744 1423 Gon
767 1360 879 1432 uieuit,
899 1357 956 1421 sed
975 1377 1058 1438 egre.
1098 1359 1193 1420 Nunc
1212 1357 1345 1421 tandem
1364 1359 1445 1420 exiit
1463 1358 1554 1431 liber,

348 1459 414 1522 quo
441 1440 489 1503 nil
515 1440 594 1523 fingi
621 1447 731 1522 potest
818 1440 937 1514 barius,
965 1439 1127 1513 insulsius,
1156 1439 1328 1515 indoctius,
1357 1439 1554 1512 mendacius,
1660 1505 1663 1510 ⁴

346 1524 393 1585 im
415 1522 579 1599 udentius,
591 1524 745 1586 insanius.
780 1521 821 1584 In
834 1541 872 1584 eo
885 1521 1068 1584 laboratum
1082 1528 1133 1584 est
1146 1542 1166 1583 a
1179 1528 1340 1602 quatuor:
1366 1521 1555 1584 Vincentius

347 1605 391 1665 ad
414 1605 475 1667 ‘dit
490 1623 550 1667 sua
565 1624 711 1678 venens3
740 1603 904 1668 Cornelius
920 1603 1154 1665 Duuellandius
1171 1603 1290 1666 bonam
1307 1605 1411 1683 operis
1427 1609 1554 1683 purtem
1661 1661 1666 1668 .

345 1687 486 1750 coniecit
499 1708 507 1761 ;
532 1688 649 1749 tertius
662 1685 795 1767 quidam
809 1685 976 1765 expoliuit,
991 1685 1111 1747 additis
1125 1684 1251 1766 aliquot
1263 1684 1403 1747 flosculis
1416 1706 1424 1758 ;
1451 1684 1554 1747 Gode·

301 1789 334 1843 45
346 1767 457 1831 fredus
476 1767 647 1830 Taxander
665 1768 787 1829 lamam
807 1768 912 1848 operis
931 1768 966 1828 in
985 1786 1019 1829 se
1037 1769 1169 1848 recepit.
1210 1766 1263 1828 Ad
1282 1767 1361 1829 haec
1381 1768 1556 1829 conniuent

347 1848 489 1946 theologi
504 1848 728 1946 Iouanienses.
763 1849 921 1947 latomus
935 1856 1001 1946 tres
1016 1850 1124 1910 emisit
1136 1848 1270 1946 libellos,
1285 1851 1321 1911 in
1335 1849 1452 1945 quibus
1467 1848 1556 1910 miris

347 1929 1271 2088 uiuunttetffltllelsrtu
1285 1929 1556 2074 ,tutelli

345 2095 382 2157 in
402 2092 534 2158 Italiam
554 2094 735 2158 transuolet
755 2113 854 2176 quam
875 2100 1026 2175 expectet
1046 2094 1208 2157 Pontifex.
1250 2095 1318 2156 Nos
1338 2096 1469 2156 interim
1489 2112 1556 2155 non

192 2247 196 2260 ¹
305 2191 339 2245 50
347 2178 549 2257 agnoscimus
561 2175 768 2239 manilestam
777 2177 860 2240 iram
871 2176 944 2251 Dei,
979 2177 1163 2239 reuocantis
1174 2196 1233 2237 nos
1245 2176 1288 2239 ad
1299 2176 1533 2257 poenitentiam
1548 2196 1555 2247 ;

347 2256 665 2403 &Aegyptiorum
691 2258 839 2340 exemplo
863 2264 965 2339 totp
1019 2260 1027 2275 '
1071 2258 1240 2333 admoniti,
1267 2257 1367 2319 nihilo
1393 2256 1557 2319 reddimur

425 2359 505 2403 ores.
1591 2354 1593 2358 ’

388 2421 501 2485 Multis
515 2423 551 2485 in
565 2421 643 2485 loeis
658 2422 738 2486 dure
753 2424 889 2486 trwtati
903 2430 981 2486 sunt
996 2424 1167 2498 monachi;
1196 2442 1308 2487 verum
1324 2421 1467 2503 plerique
1483 2439 1556 2482 eum

348 2504 416 2567 sint
437 2504 665 2580 intolerabiles,
690 2505 755 2568 slis
776 2512 889 2568 tamen
912 2507 1037 2568 ratione
1061 2506 1175 2587 corrigi
1197 2524 1264 2567 non
1287 2510 1448 2586 poterant.
1493 2502 1558 2564 Tot

307 2607 338 2663 55
348 2585 533 2668 priuilegiis,
542 2586 872 2669 totexemptionibus,
880 2587 1155 2669 totphalangibus
1164 2587 1282 2649 armati
1292 2592 1378 2648 sunt.
1401 2586 1558 2648 Ciuitates

348 2668 475 2749 aliquot
506 2670 773 2733 moderationibus
804 2670 946 2734 consiliis
976 2677 1124 2745 vtuntur,
1157 2671 1353 2750 permittunt
1383 2669 1470 2729 exire
1501 2666 1558 2747 qui

348 2749 477 2813 reddita
501 2753 627 2814 ratione
651 2753 789 2833 eupiunt
812 2759 940 2815 mutare
965 2755 1053 2815 vitae
1079 2772 1200 2833 genus:
1238 2752 1288 2814 his
1312 2751 1411 2812 datur
1435 2747 1558 2828 aliquid

348 2832 435 2895 vnde
450 2834 566 2896 viuant
581 2834 624 2896 ab
637 2834 717 2915 ipsis
732 2836 945 2908 monasteriis,
961 2835 1089 2896 etiamsi
1103 2833 1151 2896 nil
1164 2833 1354 2906 intulerunt,
1371 2852 1429 2895 ceu
1444 2832 1558 2911 longae

303 2915 504 3058 affl
519 2915 979 3059 dimiitnillffielbsli
992 2915 1134 3059 lidi?
1152 2914 1557 3077 dimidient?

349 3076 417 3139 Nec
430 3075 481 3138 ias
493 3083 545 3140 est
557 3078 698 3140 nouitios
710 3078 853 3140 sufficere
866 3079 929 3139 nisi
941 3070 1098 3158 permissu
1111 3044 1331 3159 magistratus.
1366 3077 1396 3138 A
1409 3076 1558 3139 curandis

350 3159 512 3238 virginum
533 3159 673 3239 collegiis
695 3165 854 3221 arcentur.
898 3159 967 3222 Neo
988 3160 1189 3257 permittitur
1208 3160 1272 3221 illis
1294 3160 1476 3221 concionari
1497 3158 1560 3219 nisi

349 3240 386 3302 in
409 3241 475 3302 suis
499 3241 713 3315 monasteriis,
737 3240 835 3321 idque
859 3247 1021 3303 consuetis
1046 3240 1210 3303 duntaxat
1233 3240 1329 3303 horis.
1377 3240 1439 3314 Qui
1463 3239 1559 3300 simul

351 3339 461 3383 omnes
481 3319 597 3384 volunt
616 3328 743 3384 mutare
762 3321 898 3397 cultum,
918 3323 1129 3403 permittitur.
1171 3323 1234 3397 Qui
1252 3322 1379 3395 nolunt,
1400 3326 1558 3400 eoguntur

305 3409 462 3479 ostamen
486 3401 704 3466 obedientiam
727 3404 833 3485 iurare
856 3405 1062 3485 magistratui
1085 3405 1121 3466 in
1144 3404 1194 3466 hie
1219 3423 1302 3484 quae
1326 3403 1491 3483 pertinent
1516 3401 1559 3462 ad

417 3484 543 3548 ublicae
566 3485 783 3548 commodum.
830 3486 886 3548 Ita
905 3485 1053 3549 futurum
1074 3485 1274 3549 arbitrantur
1300 3490 1340 3546 vt
1367 3490 1426 3545 aut
1453 3482 1558 3544 nullos

348 3504 396 3547 rer

349 3566 393 3629 ha
477 3573 494 3630 t
525 3568 699 3631 monachos
731 3573 791 3630 aut
820 3567 965 3631 habeant
996 3570 1098 3649 magis
1130 3568 1262 3630 sobrios.
1309 3567 1420 3628 Vacua
1447 3583 1557 3626 mona·

349 3650 449 3713 steria
464 3655 633 3713 vertentur
649 3649 703 3712 vel
717 3651 753 3712 in
768 3650 937 3731 parochias
954 3649 1007 3713 vel
1022 3652 1057 3713 in
1073 3649 1299 3731 paedagogeia.
1336 3648 1404 3711 Nec
1421 3647 1557 3728 posthac

349 3733 822 3814 passurisuntvtaquoquam
833 3734 1050 3814 suscipiuntur
1060 3737 1141 3795 vota
1151 3738 1318 3814 perpetua,
1353 3750 1414 3793 uae
1426 3734 1556 3802 vocant,

305 3815 407 3894 70qui
434 3816 539 3878 minor
564 3816 609 3878 sit
634 3816 770 3896 triginta
795 3835 852 3877 sex
879 3816 982 3878 annis.
1029 3814 1115 3878 Tota
1141 3834 1219 3877 cura
1349 3819 1456 3876 eretur
1482 3811 1556 3884 huc,

349 3896 467 3959 vtsint
478 3897 571 3978 probi
583 3903 738 3979 pastores.
773 3896 867 3972 Quod
879 3898 907 3959 si
918 3898 1095 3979 continget,
1107 3917 1173 3959 non
1185 3898 1247 3959 erit
1259 3915 1394 3979 magnus
1405 3913 1557 3957 numerus
1635 3948 1637 3952 ,

384 4062 427 4112 34.
445 4048 554 4100 Parisiis
564 4049 646 4101 Lond
730 4064 771 4114 37.
789 4050 862 4101 etius
874 4048 916 4100 0⁸.
998 4062 1042 4111 41.
1059 4047 1112 4099 0¹:
1135 4048 1289 4099 indoctibus
1302 4048 1334 4100 P.
1417 4059 1460 4108 43.
1479 4042 1558 4095 que·

350 4112 447 4165 landus
461 4114 502 4166 P:
516 4129 579 4165 corr.
591 4115 638 4166 ΕΒ
646 4116 786 4167 mussa
796 4115 973 4179 Ερ.1608.5.
1078 4115 1165 4180 operis
1175 4118 1281 4181 partem
1291 4128 1354 4165 corr.
1365 4112 1413 4163 LB
1422 4130 1429 4162 z
1450 4125 1467 4161 o

350 4180 437 4295 Eitis
447 4179 479 4230 P.
566 4192 643 4244 44-5.
661 4179 821 4232 Godsiridus
831 4180 885 4231 ΕΒ.
974 4192 1016 4243 45.
1035 4178 1177 4231 Toxander
1187 4179 1229 4230 P:
1250 4177 1354 4229 correxi
1443 4191 1461 4238 4
1480 4212 1486 4225 .
1505 4174 1557 4224 0¹:

410 4242 546 4295 bernml'.
654 4258 695 4309 59.
713 4244 991 4312 segnitiaeacite'LB:
1012 4244 1138 4296 seruitiae
1149 4243 1182 4295 P.
1276 4245 1318 4295 68.
1337 4241 1437 4293 lond:
1459 4238 1557 4305 poeda-

263 4365 269 4372 ,
347 4309 441 4375 gossia
452 4309 485 4360 P.
589 4324 631 4374 71.
647 4310 780 4377 contingit
787 4309 829 4362 0⁸.
865 4345 867 4352 .
921 4310 973 4360 0¹:
991 4324 1132 4362 numerum
1140 4308 1172 4361 P.

385 4480 425 4532 55.
444 4468 588 4585 praefatio]
598 4467 649 4519 See
659 4467 708 4584 Ep
726 4468 796 4530 1581.
808 4481 888 4528 421n.
1011 4478 1055 4529 44.
1072 4465 1184 4542 tertiusl
1196 4462 1298 4516 Walter
1313 4461 1391 4529 Ruys
1406 4461 1435 4512 oi
1451 4460 1557 4533 (lnam

382 4547 427 4664 23:
445 4533 930 4662 „immittite
980 4528 1500 4660 ulpsstttffie,.1,⁸,er

351 4664 742 4731 alsoinEp.1608,1621,1
804 4681 813 4724 ς
847 4661 929 4714 buti
1011 4662 1055 4725 48.
1072 4660 1236 4725 Elleborum]
1260 4658 1352 4738 Jlated
1375 4659 1445 4710 {rom
1469 4657 1557 4717 Basle,

351 4735 452 4783 cannot
470 4680 529 4782 find
543 4730 567 4781 it
584 4730 613 4781 in
631 4728 724 4790 Quotii
812 4720 928 4780 liuhand.
982 4729 1054 4780 18A
1090 4739 1201 4791 ,15253
1224 4724 1333 4805 printed
1349 4724 1387 4790 by
1402 4723 1557 4799 Cratander.

351 4794 521 4863 InEp.2o45
534 4795 721 4861 itisgivenas
736 4793 929 4846 Dunelandius.
978 4794 1029 4846 See
1068 4830 1087 4869 Ι.
1114 4790 1259 4852 stocheim,
1285 4787 1559 4855 ottonem-tutto·

351 4860 444 4979 InEp.
456 4864 518 4926 1655
528 4859 786 4912 Erasmusconiuses
793 4859 930 4912 comelius
979 4858 1086 4924 paple
1100 4873 1156 4937 ¹.¹²·

350 4926 407 4980 and
441 4926 568 4979 sunder.
598 4923 930 5005 ljhepersondenotedis
1014 4926 1054 4988 56.
1070 4925 1154 4989 enne]
1185 4923 1226 4976 cf.
1257 4922 1327 4989 llpp.
1360 4935 1433 4985 1547·
1467 4933 1558 4983 19-23,

349 4992 529 5125 mags&
721 4991 750 5044 οἱ
764 4990 835 5059 npp.
854 4991 928 5056 ψ’
981 4990 1055 5107 ¹⁵3}
1070 5003 1412 5121 12viftiiiiuu]Mra-159⁸·
1424 5065 1482 5115 19⁰·
