3534 5984
286 673 347 733 tol
642 662 836 728 Lffl'OERB
856 663 914 728 OF
934 660 1136 727 sensuve
1415 665 1505 744 [1527

288 836 413 887 humus
429 832 482 884 had
499 831 552 883 had
569 836 725 883 lum-lb
739 844 813 880 m
828 827 921 894 mind
937 826 1026 879 Molo
1042 826 1140 892 Doep’!
1155 825 1253 890 Μ
1291 843 1303 882 1
1324 828 1506 897 1051525-

288 891 1216 1030 zapptwmpmdssp'gpgglpipoldfnmd'sfedmgmbfn
1352 897 1506 949 innam

419 980 568 1023 0'0W,ln
623 1002 629 1015 ι

330 1080 361 1142 S.
376 1079 411 1140 P.
425 1079 465 1140 D.
517 1078 625 1158 longo
654 1078 717 1137 iam
746 1076 901 1155 temporis
927 1073 1098 1136 intemallo
1124 1073 1206 1136 nihil
1236 1094 1377 1155 prorsus
1405 1078 1448 1138 ad
1474 1083 1507 1140 te

290 1162 411 1242 scripsi,
446 1166 611 1240 raeoeptor
623 1164 749 1239 praeter
759 1163 882 1219 eeteros
893 1155 1102 1228 obseruando,
1114 1175 1175 1218 neo
1185 1162 1304 1219 umen
1315 1159 1448 1222 interea
1457 1159 1507 1222 vel

291 1246 397 1306 minus
452 1244 459 1257 '
480 1262 602 1304 memor
618 1242 669 1302 tui
686 1247 880 1319 tuorumque
897 1239 931 1299 iu
950 1257 1002 1300 me
1019 1238 1218 1310 meritorum,
1237 1258 1300 1300 nee
1319 1240 1408 1303 desii
1423 1249 1459 1304 te
1473 1243 1506 1304 in

289 1326 389 1397 libris,
406 1345 487 1405 quoe
503 1324 657 1404 plurimos
672 1331 707 1383 et
722 1322 863 1463 optimos
879 1319 1128 1399 utilissimusque
1144 1319 1317 1400 seripsisti,
1332 1321 1506 1386 dooentem

264 1427 330 1483 sao
354 1408 561 1468 disserentem
586 1404 706 1465 audire.
777 1421 868 1464 erum
892 1421 977 1481 quur
1000 1402 1106 1463 minus
1129 1401 1327 1480 seripserim,
1359 1411 1401 1467 vt
1427 1406 1506 1468 alias

293 1491 443 1552 emittam
459 1506 582 1558 oausas,
598 1487 656 1547 heo
672 1485 735 1546 fuit
749 1504 815 1546 non
830 1484 963 1545 omnino
978 1483 1057 1544 leuis
1071 1490 1130 1544 aut
1144 1486 1403 1558 oontemnenda,
1418 1486 1508 1568 qnod

293 1572 435 1652 putarim
490 1589 562 1631 mm
574 1569 750 1629 officiosum
761 1565 829 1628 fore
841 1566 869 1627 si
880 1565 942 1627 tibi
954 1566 1019 1626 iam
1031 1566 1110 1636 seni,
1122 1570 1175 1626 tot
1186 1564 1310 1644 vigiliis
1322 1568 1508 1649 studiisque

295 1672 332 1714 so
344 1652 443 1714 labori
468 1672 505 1712 us
517 1650 726 1730 plurimorum
737 1666 894 1710 annornm
905 1645 1138 1727 propemodum
1149 1644 1310 1720 oonfeoto,
1323 1653 1510 1729 nugatoriis

294 1735 395 1797 literis
413 1734 628 1812 obstreperem
649 1751 698 1792 rea
717 1739 785 1791 tam
805 1730 903 1791 seriae
922 1735 1113 1808 sanotasque
1132 1747 1259 1808 semper
1277 1734 1457 1805 traotanti,
1476 1740 1509 1794 et

252 1841 282 1878 ιο
296 1817 561 1888 Luthersnorum,
588 1820 626 1874 vt
652 1812 756 1885 video,
782 1819 818 1873 et
843 1809 1164 1873 Antilutheranomm
1190 1829 1324 1889 quoqne
1351 1816 1510 1877 oonuieiis

296 1917 334 1959 ao
364 1898 491 1976 seriptis
521 1895 665 1975 quotidie
694 1893 883 1974 respondere
914 1898 1036 1954 coacto.
1089 1891 1363 1971 Quandoquidem
1394 1904 1508 1959 tamen

296 1980 435 2057 eomperi
458 1984 492 2038 te
515 1977 567 2038 vel
591 1977 684 2038 amioi
707 1976 886 2054 cuiuspiam
908 1973 1010 2035 litoris
1033 1979 1214 2054 permotum
1237 1974 1291 2034 vel
1314 1981 1509 2041 narratione
1595 2019 1597 2024 «

296 2061 402 2123 neseio
414 2060 504 2120 ouius
515 2076 701 2138 persuasum
714 2057 863 2119 habuisse
874 2056 963 2136 quod
974 2062 1079 2117 estate
1090 2055 1274 2135 superioris
1285 2056 1362 2118 vita
1373 2062 1508 2140 migras-

297 2160 374 2213 sem,
396 2141 506 2202 morbo
525 2160 704 2221 oppressus,
724 2159 789 2219 quo
809 2145 895 2199 oerte
913 2144 985 2199 tum
1001 2137 1199 2210 laborabam,
1218 2143 1289 2198 tam
1302 2145 1340 2200 et
1360 2143 1459 2221 graui
1476 2149 1510 2204 et

254 2248 282 2298 ις
296 2223 450 2284 diuturno
473 2230 511 2284 vt
532 2242 597 2283 non
620 2221 730 2301 procul
753 2220 893 2281 abfuerit
915 2220 995 2299 quin
1017 2218 1239 2299 eorpusoulum
1262 2218 1325 2281 hoo
1348 2223 1417 2284 iam
1442 2225 1510 2286 suis

297 2305 409 2367 officiis
429 2303 631 2365 naturalibus
652 2303 847 2364 destitutum
868 2303 969 2363 etiam
991 2302 1117 2363 animus
1139 2299 1305 2364 habitator
1327 2304 1510 2384 reliquerit,

297 2387 377 2449 duxi
398 2406 483 2448 nune
505 2385 557 2446 vel
578 2386 689 2465 paneis
709 2391 818 2446 tecum
840 2403 953 2464 agere;
988 2390 1026 2444 vt
1046 2383 1107 2444 tibi
1128 2383 1269 2463 primum
1290 2383 1510 2529 significem

296 2469 345 2531 illi
357 2489 407 2529 me
422 2468 533 2529 morbo
545 2469 722 2528 etiamnum
735 2466 847 2527 diuino
860 2485 990 2528 munere
1002 2484 1070 2526 esse
1082 2466 1299 2545 superstitem,
1355 2468 1435 2530 inde
1447 2469 1510 2531 tibi

356 2552 419 2613 tias
431 2569 566 2630 agerem,
580 2569 661 2628 quas
672 2556 757 2610 uerte
770 2567 830 2627 ago
841 2567 881 2608 ex
893 2548 1002 2609 animo
1014 2547 1182 2619 maximas,
1194 2546 1282 2626 quod
1293 2553 1366 2609 tam
1379 2550 1509 2613 honori·

254 2571 358 2696 zobbb
379 2633 421 2693 ad
445 2631 641 2693 Barlandum
663 2637 808 2692 nostrum
830 2629 870 2690 de
894 2648 944 2690 me
965 2630 1041 2700 iam,
1064 2635 1102 2689 vt
1123 2628 1333 2701 arbitrabare,
1357 2632 1509 2693 extincto

301 2716 470 2794 scripseris.
507 2713 637 2774 Praeter
651 2712 708 2773 heo
723 2719 832 2772 autom
846 2718 897 2773 est
910 2710 998 2772 aliud
1012 2709 1167 2789 quiddam
1181 2711 1324 2784 tertium,
1340 2713 1510 2774 minutum

301 2797 432 2876 quidem
448 2795 527 2856 illud
544 2803 582 2855 vt
598 2793 659 2855 tibi
675 2792 811 2853 fortasse
828 2792 1000 2865 videbitur,
1018 2792 1074 2853 sed
1090 2811 1162 2853 meo
1178 2791 1296 2854 iudioio
1312 2794 1510 2873 nentiquam

302 2877 581 2940 contemnendum.
620 2875 659 2935 Id
675 2881 725 2936 est
741 2873 933 2935 huiusmodi.

344 2959 404 3021 Est
414 2961 448 3020 in
460 2958 609 3019 manibus
621 2958 764 3018 omnium
776 2976 857 3035 opus
868 2956 990 3035 insigne
1002 2962 1101 3035 atque
1113 2955 1272 3036 egregium
1285 2954 1511 3036 Epistularum

256 3068 286 3120 25
302 3048 442 3112 tuarum,
462 3041 550 3119 quod
568 3039 666 3100 audio
683 3038 843 3100 edendum
862 3037 921 3097 abs
939 3043 972 3098 te
990 3036 1106 3109 denuo,
1126 3037 1183 3100 sed
1200 3038 1294 3117 longe
1312 3039 1455 3113 auotius,
1475 3039 1510 3101 id

302 3123 389 3202 quod
411 3122 503 3183 faoile
524 3122 622 3183 datur
642 3121 805 3181 ooniioere.
849 3119 888 3179 ln
910 3137 976 3197 qua
995 3118 1136 3180 editione
1157 3120 1264 3192 velim,
1285 3120 1349 3181 nisi
1369 3120 1513 3183 fortnas

302 3224 390 3265 serus
406 3204 590 3265 admonitor
605 3202 704 3273 fuero,
722 3200 866 3262 ordinem
883 3202 1003 3261 osmari
1018 3201 1052 3261 in
1066 3199 1159 3275 libro,
1177 3202 1233 3281 qui
1248 3200 1313 3263 fuit
1327 3202 1362 3261 in
1379 3203 1513 3283 seriptis

303 3285 361 3345 abs
379 3292 412 3346 te
429 3285 582 3364 epistolis,
600 3302 757 3345 annorum
774 3282 856 3354 dieo,
872 3283 1030 3343 mensium
1047 3289 1146 3362 atque
1163 3285 1272 3356 etiam,
1290 3284 1319 3344 si
1334 3280 1406 3345 fieri
1421 3304 1511 3347 oom-

304 3366 397 3427 mode
412 3373 520 3445 queat,
535 3366 680 3427 dierum:
713 3362 946 3444 quodquidam
959 3363 1054 3425 video
1068 3383 1089 3424 a
1101 3364 1264 3427 nonnullis
1283 3366 1511 3445 superstitiose

257 3476 290 3527 30
303 3448 510 3510 obseruatum
523 3449 556 3508 in
569 3448 713 3527 epistolis
725 3446 900 3507 admodum
913 3445 1125 3508 familiaribus
1136 3465 1240 3525 neque
1254 3447 1362 3527 magni
1375 3449 1512 3511 omuino

303 3530 453 3611 ponderis
465 3536 523 3590 aut
535 3529 700 3600 momenti,
713 3548 733 3588 a
744 3535 778 3588 te
790 3535 899 3590 eutem
911 3527 1006 3607 plane
1017 3528 1198 3608 neglsetum
1208 3529 1243 3590 in
1253 3528 1397 3590 editione
1431 3548 1512 3591 uam

304 3613 409 3674 adhue
423 3611 531 3673 videre
544 3612 645 3684 licuit,
661 3610 716 3671 vbi
731 3612 870 3689 primurn
884 3611 1016 3671 omuino
1028 3610 1134 3672 looum
1148 3617 1309 3690 oooupant
1327 3548 1513 3690 compium

303 3715 406 3775 nuper
415 3694 532 3774 seripte
542 3693 584 3753 ed
595 3693 724 3764 amieos,
736 3691 877 3752 medium
888 3711 953 3753 non
963 3710 1064 3771 pause
1074 3692 1151 3754 olim
1161 3692 1203 3752 ed
1214 3692 1396 3754 studiorum
1406 3694 1514 3755 sooios

304 3778 446 3856 aliosque
461 3775 656 3837 transmisse.
694 3774 873 3835 Persuadeo
889 3773 966 3834 mihi
981 3774 1067 3834 huno
1081 3773 1226 3836 ordinem
1242 3793 1315 3835 oum
1330 3772 1372 3833 ad
1387 3778 1423 3834 fe
1437 3780 1514 3836 tum

258 3885 288 3937 35
304 3859 346 3920 ad
364 3858 516 3921 leotorem
534 3858 640 3935 ipsum
660 3874 851 3935 magnopere
870 3856 1019 3917 attinere.
1061 3856 1146 3918 Nam
1161 3857 1301 3935 primum
1320 3853 1455 3934 quidem
1470 3877 1514 3918 ex

304 3940 448 4021 epistolis
463 3940 523 4001 hoe
538 3938 648 3999 ordine
663 3936 796 4016 digestis
809 3936 948 3997 elueebit
962 3937 1030 3998 vite
1045 3942 1101 3999 tue
1116 3945 1150 3998 et
1165 3938 1346 4000 studiorum
1361 3954 1399 3997 ao
1415 3956 1514 4000 oona·

304 4028 398 4083 tuum
410 4021 554 4082 omnium
565 4020 660 4080 series
671 4018 820 4096 quedam.
854 4017 934 4079 Inde
945 4025 1127 4098 temporum
1139 4019 1258 4098 quibus
1268 4038 1328 4091 res,
1339 4018 1380 4078 de
1391 4017 1517 4097 quibus

304 4103 425 4176 scribis,
448 4108 536 4183 geste
558 4107 645 4173 sunt,
670 4107 704 4161 et
731 4099 964 4162 familiaritatis
989 4119 1051 4179 que
1078 4101 1141 4163 tibi
1165 4101 1229 4162 fuit
1253 4120 1327 4163 oum
1351 4100 1518 4180 preoipuis

305 4185 483 4246 Christiane
499 4183 658 4262 religionis
673 4180 865 4262 proceribus,
882 4186 916 4241 et
931 4183 1147 4245 contentionis
1161 4201 1228 4262 qua
1242 4188 1373 4245 coaetus
1387 4200 1423 4243 es
1438 4201 1517 4245 oum

257 4292 292 4341 40
305 4286 370 4328 non
399 4267 510 4344 paneis
537 4265 701 4326 desertare
728 4264 1059 4338 inuitus—omnium,
1087 4266 1232 4345 inquam,
1261 4265 1377 4328 harum
1405 4283 1518 4327 rerum

305 4485 593 4615 „feiltffleih‘
617 4500 662 4536 '¹⁸⁰
686 4485 714 4535 ⁰¹
737 4484 790 4535 ‘¹¹³⁸
810 4484 883 4535 ”⁰¹³
933 4484 1521 4616 ifililiultilidiiil‘iffiffl

340 4628 380 4666 aa
400 4615 572 4681 Barlandum]
587 4617 621 4667 In
635 4615 680 4665 the
694 4631 766 4666 same
781 4631 840 4681 way
854 4629 884 4665 aa
934 4616 1004 4677 taslr,
1019 4617 1104 4668 under
1117 4616 1164 4668 the
1178 4623 1259 4668 stress
1274 4591 1358 4668 er'his
1372 4617 1519 4683 mgnum

306 4682 432 4732 Erum
444 4680 497 4730 had
509 4683 614 4732 written
626 4688 655 4730 to
666 4681 722 4731 him
733 4686 763 4731 to
774 4680 885 4732 condole
935 4688 965 4733 to
979 4682 1056 4734 Freib
1106 4722 1113 4743 ,
1130 4689 1176 4735 too
1190 4682 1285 4749 heavy,
1302 4681 1356 4732 and
1370 4683 1520 4735 eontented

306 4763 370 4800 over
381 4746 426 4797 the
438 4745 532 4796 deaths
543 4747 571 4797 of
582 4746 624 4796 Do
666 4746 720 4796 aud
731 4746 884 4797 Paludanns
934 4748 1039 4799 himself
1049 4750 1081 4799 wi
1123 4748 1222 4815 adding
1231 4746 1382 4815 yeardates
1393 4750 1423 4797 to
1432 4761 1519 4814 many

307 4815 387 4880 (Epp.
410 4815 481 4877 1584,
505 4815 587 4873 1694).
646 4811 679 4861 he
698 4812 777 4862 letter
794 4814 817 4862 is
835 4816 886 4863 not
935 4814 963 4865 of
978 4814 1024 4864 the
1039 4815 1112 4880 early
1127 4815 1227 4875 letters,
1243 4819 1292 4865 not
1307 4826 1373 4877 very
1387 4812 1519 4893 earefully

306 4885 410 4931 extant.
935 4883 988 4942 (aee
1001 4879 1053 4931 vol.
1066 4882 1084 4939 i,
1097 4896 1123 4946 p.
1138 4884 1207 4945 596),
1220 4880 1274 4931 and
1285 4878 1350 4930 with
1362 4892 1435 4928 some
1448 4891 1518 4929 reri·

342 4962 382 5008 24.
402 4943 591 5011 Epistolamm]
600 4942 649 5008 Ep,
661 4945 721 5007 1851
730 4942 815 4993 shows
823 4943 885 4994 that
933 4945 991 4996 sien
1005 4945 1033 4995 of
1045 4945 1092 4996 the
1105 4950 1172 4997 text.
1204 4945 1251 4998 See
1264 4944 1305 4996 his
1317 4944 1422 5010 prelaoe
1436 4948 1466 4995 to
1479 4942 1516 5005 Η,

308 5011 434 5063 Erasmus
444 5008 570 5075 sooepted
582 5007 713 5059 thisidea.
743 5010 798 5060 But
808 5008 884 5060 when
936 5011 1031 5077 7Aug.
1050 5025 1123 5076 1529.
