3534 5984
327 713 368 772 ιο
682 707 877 786 annuas
898 708 954 771 os
975 707 1176 772 namuus
1438 711 1540 788 [1525

325 875 430 937 fertur
442 881 477 936 et
489 881 581 936 aestu
593 879 629 935 et
641 879 741 935 vento
752 872 894 935 secundo
907 892 914 935 :
938 892 1049 934 rursus
1061 890 1162 953 quum
1175 871 1308 954 obliqua
1319 872 1541 938 velificatione

328 963 387 1018 aut
400 957 496 1018 remis
508 975 590 1036 opus
602 962 663 1028 est,
677 957 805 1034 &trem
814 960 906 1017 πλοῦν
914 954 1133 1035 appellabant.
1167 955 1274 1017 Testis
1281 956 1541 1020 cstllustathius

327 1040 362 1099 in
384 1037 561 1099 secundum
584 1036 746 1117 Odysseae
767 1036 897 1109 librum,
919 1037 1024 1098 citans
1047 1043 1194 1098 autorem
1216 1036 1422 1099 Pausaniam.
1466 1038 1541 1102 Nec

265 1141 312 1194 225
328 1119 462 1181 obscure
481 1119 524 1181 sd
541 1119 748 1198 prouerbium
767 1118 877 1180 allusit
895 1118 939 1179 M.
958 1118 1082 1179 Tullius
1099 1120 1134 1180 in
1154 1118 1290 1181 Oratore
1308 1118 1351 1180 ad
1369 1118 1539 1184 Brutum:

329 1201 446 1276 ‘Quod
470 1202 498 1262 si
523 1200 640 1281 quem’
666 1201 775 1342 inquit
800 1200 881 1261 ‘aut
905 1206 1025 1261 natura
1049 1202 1147 1278 <sua>
1173 1207 1233 1262 aut
1256 1200 1313 1261 illa
1336 1203 1540 1281 praestantis

326 1283 446 1362 ingenii
473 1284 523 1344 vis
549 1283 634 1345 forte
661 1282 702 1344 de
726 1282 799 1355 ciet,
828 1288 888 1343 aut
915 1283 1021 1343 minus
1047 1283 1226 1344 instructus
1252 1283 1315 1344 erit
1342 1301 1538 1364 magnarum

327 1366 447 1426 artium
461 1363 647 1444 disciplinis,
662 1369 774 1426 teneat
787 1370 899 1425 tamen
913 1382 987 1425 eum
1002 1382 1131 1424 cursum
1144 1382 1242 1443 quem
1256 1365 1387 1444 poterit.
1423 1364 1539 1428 Prima

326 1447 413 1507 enim
432 1453 631 1526 sequentem,
652 1446 824 1509 honestum
844 1446 949 1507 estin
969 1444 1117 1506 secundis
1136 1446 1306 1526 tertiisque
1324 1446 1503 1509 consistere
1516 1448 1537 1509 ’.

263 1550 314 1600 230
327 1529 412 1590 Nam
429 1528 518 1607 quod
534 1528 643 1589 latini
659 1527 785 1589 codices
801 1525 924 1588 habent
940 1545 1118 1588 excusemus
1134 1546 1193 1606 pro
1208 1527 1411 1602 ιιιωιὶιιιι,
1428 1547 1537 1607 apoc

326 1618 428 1671 tomus
442 1629 501 1690 pro
514 1617 702 1688 expetamus,
716 1609 852 1670 dubium
865 1627 931 1671 non
944 1614 996 1670 est
1008 1610 1088 1688 quin
1100 1615 1171 1670 tam
1185 1609 1228 1671 ob
1241 1609 1321 1671 haec
1334 1628 1399 1671 non
1413 1609 1538 1673 debent

326 1693 469 1753 accusari
495 1691 643 1764 traletor,
671 1710 769 1770 quam
796 1691 943 1752 excusari
969 1709 1035 1751 non
1061 1697 1172 1769 potest
1196 1692 1231 1752 in
1257 1709 1352 1753 carta
1377 1711 1472 1753 verso
1499 1693 1536 1755 in

324 1773 467 1834 diuitiae.
498 1773 549 1833 An
559 1791 625 1833 non
634 1773 694 1833 hoc
704 1779 754 1834 est
764 1792 838 1833 vere
846 1773 942 1834 iuxta
949 1772 1167 1851 prouerbium,
1176 1773 1211 1834 in
1220 1780 1318 1853 portu
1325 1773 1506 1854 impingere
1520 1780 1534 1838 l

366 1854 535 1915 Reclemet
565 1854 616 1915 hic
646 1853 773 1934 aliquis,
807 1853 916 1915 ‘Num
945 1853 1032 1915 solus
1062 1853 1208 1916 Amanus
1236 1855 1400 1935 impegit?
1444 1854 1536 1918 Num

263 1958 311 2011 ²35
324 1935 510 2015 frequenter
537 1935 688 2015 impingis
717 1940 755 1997 tn
785 1955 914 2014 quoqne
929 1935 965 1995 ‘l’
1007 1935 1136 2008 Fateor,
1165 1936 1302 2078 imssegit
1328 1955 1395 1997 non
1424 1937 1537 2000 minus

324 2017 501 2095 insigniter,
514 2016 613 2095 idque
625 2017 660 2077 in
672 2017 744 2095 ipso
756 2018 870 2078 stetim
882 2016 993 2077 limine
1007 2016 1200 2079 Hermolaus
1242 2016 1387 2091 arbertus,
1401 2024 1536 2082 vertens

324 2097 537 2159 Themistium
555 2100 590 2159 in
610 2097 792 2159 Aristotelis
809 2098 909 2159 libros
928 2098 969 2160 dc
988 2098 1126 2160 Anima:
1158 2105 1290 2161 tantum
1310 2099 1404 2161 abest
1422 2106 1464 2162 vt
1481 2101 1536 2163 his

323 2198 437 2259 negem
457 2180 590 2240 humani
609 2179 719 2259 lapsus
739 2181 888 2258 gratiam,
909 2199 1008 2261 quam
1027 2182 1096 2259 ipse
1116 2200 1213 2260 cogor
1231 2182 1330 2243 toties
1349 2188 1472 2261 petere,
1494 2189 1536 2246 vt

322 2261 460 2341 ingenue
478 2260 631 2341 profitear
649 2280 700 2323 me
717 2259 839 2323 talibus
856 2262 957 2323 etiam
973 2262 1205 2341 interpretibus
1222 2262 1396 2343 plurimam
1414 2262 1535 2327 debere

261 2366 312 2414 240
323 2343 472 2423 gratiam.
527 2343 646 2405 Verum
678 2344 867 2422 syncerioris
899 2343 1066 2405 doctrinae
1098 2343 1280 2406 candidatis
1312 2351 1427 2488 qartus
1459 2354 1536 2408 erat

324 2423 536 2505 praebendus,
561 2445 626 2505 quo
650 2426 752 2505 magis
775 2430 896 2486 aucant
918 2446 959 2487 ex
981 2426 1061 2505 ipsis
1083 2426 1210 2487 haurire
1232 2426 1318 2487 fonti
1339 2445 1389 2498 us,
1413 2426 1442 2487 si
1464 2446 1535 2507 qna

322 2506 429 2581 liceat,
446 2526 546 2587 quam
562 2527 602 2568 ex
617 2507 831 2586 interpretum
846 2506 980 2568 lacunis.
1019 2507 1149 2568 Etenim
1165 2507 1193 2568 si
1208 2513 1262 2569 tot
1275 2506 1309 2568 la
1401 2510 1533 2572 suntin

322 2589 394 2668 ipso
420 2590 534 2651 statim
562 2589 666 2668 operis
689 2590 844 2668 ingressu,
869 2588 949 2667 quid
973 2588 1228 2668 deprehensurus
1252 2590 1297 2650 sit
1319 2590 1377 2668 qui
1400 2596 1535 2653 caetere

323 2671 496 2733 conferet?
536 2671 666 2732 Possem
691 2672 777 2732 enim
805 2670 900 2731 huius
927 2671 1051 2750 generis
1077 2671 1247 2731 innumera
1269 2690 1444 2745 recensere,
1468 2673 1534 2734 nisi

260 2772 309 2824 ²45
324 2751 452 2814 mallem
472 2753 591 2815 seruire
611 2751 728 2814 studiis
752 2751 945 2813 adiuuandis
965 2770 1064 2832 quam
1084 2751 1293 2814 traducendie
1316 2753 1366 2813 his
1390 2754 1448 2833 qui
1471 2772 1534 2834 pro

323 2833 446 2895 viribus
461 2853 592 2914 opernm
607 2853 700 2895 suam
714 2834 828 2896 eodem
844 2832 1061 2895 contulerunt.

364 2914 435 2976 Hoc
450 2915 570 2977 leboris
585 2935 624 2976 eo
638 2915 792 2976 libentius
806 2916 933 2995 suscepi
948 2915 1037 2994 quod
1051 2914 1300 2994 chrysostomus
1315 2933 1381 2977 non
1396 2921 1533 2979 tantum

322 2995 511 3057 utilissimus
537 3002 588 3057 est
614 2997 766 3077 magister
793 2996 836 3057 ad
861 2996 1078 3059 Christianam
1104 2996 1301 3070 facundiam,
1328 2997 1418 3077 quod
1444 3017 1533 3061 vnus

322 3077 467 3137 omnium
493 3076 654 3138 eruditam
680 3078 837 3158 pietatem
863 3097 938 3140 cum
964 3077 1113 3158 populari
1138 3078 1307 3140 coniunxit
1331 3078 1531 3175 eloquentia,

259 3177 435 3239 250V01'um
455 3159 556 3220 etiam
600 3159 666 3220 uod
685 3161 720 3221 in
741 3160 852 3239 primis
873 3160 1025 3222 videatur
1045 3160 1272 3222 accommodus
1291 3160 1332 3221 iis
1352 3179 1409 3241 qu1
1430 3160 1531 3225 Grec

321 3239 451 3301 canicae
474 3239 573 3301 facun
597 3241 645 3301 ’ae
669 3247 747 3303 sunt
771 3241 947 3304 candidati.
993 3242 1105 3303 Habet
1127 3241 1330 3314 facilitatem,
1354 3243 1531 3323 perspicui·

320 3326 436 3394 tatem,
466 3322 674 3394 suauitatem,
705 3323 831 3402 copiam
861 3343 935 3386 cum
965 3323 1108 3385 Lucieno
1136 3342 1350 3386 communem.
1401 3323 1467 3388 Sed
1494 3325 1531 3388 in

321 3403 382 3463 hoc
397 3408 474 3464 sunt
488 3403 651 3483 permulta
665 3423 748 3483 quae
762 3405 808 3466 sic
822 3406 987 3485 ingenium
1001 3405 1171 3485 expoliunt
1184 3411 1224 3467 vt
1238 3405 1383 3467 animum
1397 3406 1531 3481 vitient,

321 3503 422 3563 quum
437 3486 567 3546 interim
584 3486 831 3565 chrysostomus
847 3506 914 3548 non
930 3488 1036 3548 minus
1052 3487 1199 3549 conferat
1214 3488 1395 3548 animorum
1411 3488 1532 3568 pietati

258 3594 305 3647 255
320 3585 419 3645 quarn
434 3566 617 3647 linguarum
633 3567 821 3647 elegantiae.
858 3568 1022 3649 Frequens
1039 3587 1077 3630 ac
1093 3568 1215 3630 multus
1231 3569 1332 3630 estin
1347 3569 1532 3632 tractandis

319 3647 397 3709 locis
416 3649 650 3723 communibus,
670 3670 708 3711 ao
727 3669 808 3730 pene
826 3650 955 3722 nimius,
975 3649 1037 3711 nisi
1055 3656 1125 3711 tam
1144 3651 1195 3712 hic
1213 3656 1363 3729 peccaret
1380 3650 1530 3726 feliciter,

318 3730 346 3791 si
363 3731 441 3810 quid
457 3737 568 3793 tamen
584 3731 716 3793 omnino
732 3737 855 3812 peccat.
892 3731 1063 3794 Caeterum
1084 3732 1144 3793 hoc
1164 3751 1246 3812 opus
1263 3752 1304 3793 ex
1321 3731 1433 3794 multis
1449 3733 1531 3795 mihi

319 3814 523 3892 potissimum
545 3814 706 3877 delectum
727 3820 787 3888 est,
810 3813 899 3894 quod
920 3813 1052 3893 quando
1073 3814 1152 3875 haec
1174 3819 1331 3893 parantur
1351 3814 1528 3888 iuuentuti,

317 3900 476 3977 tanquam
491 3898 635 3959 sinuene
644 3897 802 3976 scriptum
810 3896 913 3976 magis
921 3896 1055 3976 resipiat
1062 3894 1288 3957 scholasticam
1296 3894 1528 3975 elequentism.

255 3994 306 4042 260
318 3976 462 4040 Tametsi
475 3998 541 4041 non
554 3978 685 4041 aliunde
699 3979 813 4040 melius
826 3978 953 4041 discent
971 3996 1082 4039 omnes
1101 3996 1200 4056 quam
1213 3975 1391 4057 periculose
1403 3976 1529 4041 faciant

318 4060 374 4137 qui
389 4060 605 4121 sacerdotium
624 4066 683 4122 aut
701 4061 842 4141 episcopi
860 4060 1055 4141 dignitatem
1074 4058 1234 4132 ambiunt,
1252 4077 1319 4119 non
1336 4065 1529 4138 reputantes

317 4157 426 4199 secum
441 4159 540 4218 quam
553 4140 765 4219 periculosam
778 4142 937 4204 sarcinam
951 4143 985 4204 in
1000 4142 1149 4203 humeros
1162 4140 1350 4220 suscipiant.
1386 4139 1528 4203 Posthac

318 4220 414 4290 enim,
434 4227 473 4280 vt
490 4239 594 4299 spero,
613 4221 798 4299 diligentins
817 4224 1040 4303 attentiusque
1057 4222 1191 4302 legetur,
1210 4227 1371 4284 semotum
1391 4241 1413 4283 a
1429 4220 1530 4285 turba

318 4298 519 4361 voluminum
539 4303 624 4362 inter
643 4321 727 4380 quae
747 4304 904 4365 hsctenus
923 4325 982 4366 ceu
1002 4304 1222 4366 delitescebat.

255 4398 302 4460 265
360 4379 445 4453 Quin
466 4387 501 4443 et
521 4380 601 4443 illud
624 4401 718 4462 spero
738 4383 897 4457 futurum,
921 4392 960 4445 vt
982 4386 1033 4446 hic
1055 4391 1169 4465 gustus
1189 4383 1286 4446 simul
1308 4389 1343 4446 et
1364 4383 1529 4448 studiosos

317 4461 489 4524 extimulat
524 4463 567 4524 ad
601 4464 816 4544 flagitandum
851 4471 981 4528 caetera
1015 4466 1237 4546 Chrysostomi
1272 4466 1452 4540 volumina,
1488 4473 1525 4528 et

316 4542 476 4623 principes
488 4545 575 4607 viros
587 4547 710 4608 animet
721 4546 764 4608 ad
777 4548 860 4610 hanc
872 4547 1050 4609 utilitatem
1062 4568 1123 4609 sua
1133 4548 1334 4630 benignitate
1346 4547 1527 4627 parandam

317 4626 541 4688 communibus
558 4648 595 4692 ac
611 4628 795 4691 iustissimis
810 4630 1030 4692 studiosorum
1047 4631 1142 4692 votis.
1181 4630 1274 4693 Certe
1291 4628 1452 4711 primitias
1468 4630 1528 4692 has

315 4706 470 4785 largimur
492 4709 623 4771 interim
646 4729 705 4791 ego
729 4717 764 4773 et
783 4711 922 4774 Ioannes
941 4709 1129 4785 Frobenius,
1149 4712 1203 4773 ille
1222 4732 1282 4774 suo
1301 4717 1447 4791 sumptu,
1467 4730 1527 4792 ego

254 4811 304 4866 270
316 4788 517 4851 describendi
535 4792 783 4872 conferendique
801 4793 920 4855 studio.
962 4793 1128 4868 Quantum
1147 4795 1355 4873 pecuniarum
1374 4794 1408 4854 in
1426 4811 1527 4873 quem

350 5003 381 5040 22
383 5000 407 5108 '51¹
406 4986 609 5107 uprouerbium]
618 4988 668 5042 See
679 4989 763 5053 Aua.
776 4990 834 5053 318.
941 5002 998 5053 233.
1017 4984 1198 5107 pirouerbium]
1210 4987 1258 5040 Sec
1269 4988 1350 5052 Adeo.
1363 4990 1423 5054 476

444 5052 496 5117 ins]
507 5055 548 5107 Or.
564 5070 585 5107 r.
597 5070 622 5118 4
941 5057 999 5118 236.
1045 5052 1187 5115 ermolaus]
1199 5054 1238 5107 Of
1252 5054 1302 5120 Ep
1318 5068 1391 5120 1479.
1404 5055 1467 5111 68n.
