3534 5984
375 692 437 754 388
731 690 925 756 turmas
947 691 1004 755 OF
1024 691 1225 756 assessus
1494 691 1597 771 [1526

374 858 590 920 nuntiationis
609 857 712 921 videri
730 858 858 920 studuit
875 857 1004 921 diuersa
1022 857 1159 921 tradere.
1201 858 1281 921 Pcst
1298 859 1385 921 hunc
1403 859 1537 922 Marcus
1558 865 1597 922 et

314 934 363 1014 1⁶⁵0
375 937 575 1013 (lolarhasus,
592 939 713 1019 alioqui
726 959 793 1001 non
808 939 1039 1020 degenerantes
1054 960 1075 1001 a
1090 939 1273 1015 Valentino,
1289 960 1357 1003 rem
1372 941 1452 1003 mire
1468 941 1594 1005 ridicu·

373 1020 439 1082 lam
456 1023 630 1084 commenti
645 1028 733 1096 sunt,
750 1023 860 1084 omnia
875 1021 952 1084 fidei
967 1023 1123 1103 mysteria
1137 1022 1181 1084 ad
1197 1021 1356 1086 Graecum
1371 1021 1593 1102 alphabetum

373 1103 607 1184 peruahentes.

414 1184 575 1249 Successit
592 1185 642 1247 his
659 1185 795 1258 (lsrdon,
814 1186 1024 1265 impietatum
1041 1186 1165 1248 lernam
1184 1205 1294 1249 secum
1307 1185 1449 1249 trahens.
1493 1184 1593 1250 Duos

372 1267 459 1329 enim
469 1267 546 1330 deos
556 1266 662 1342 linxit,
674 1268 813 1331 alterum
823 1267 956 1341 bonum,
968 1266 1108 1330 alterum
1117 1286 1263 1341 saeuum,
1277 1287 1299 1328 a
1311 1286 1410 1330 saeuo
1423 1269 1592 1332 mundum

313 1371 358 1423 ¹55
373 1354 528 1411 ereetum.
573 1350 691 1431 Iefflm
704 1351 739 1413 in
751 1356 861 1414 totum
874 1348 1088 1429 repudiabat:
1115 1349 1221 1411 solum
1234 1349 1447 1431 Euangelium
1464 1349 1590 1426 Lucae,

372 1450 432 1493 neo
448 1431 483 1493 id
499 1438 618 1504 totum,
636 1431 822 1512 recipiebat.
861 1433 891 1493 A
986 1431 1121 1494 liPauli
1192 1433 1198 1447 '
1253 1431 1302 1493 las
1318 1451 1378 1494 neo
1394 1450 1509 1494 omnes
1525 1452 1592 1497 neo

372 1513 643 1593 totasprobabat.
675 1513 761 1583 Acta
770 1513 1086 1594 Apostocrumeth
1178 1512 1590 1594 ypsinvtlalsareiieiens,

372 1594 513 1657 docebat
530 1595 694 1658 Christum
711 1595 789 1658 boni
807 1595 861 1657 dei
879 1594 982 1657 filium
1000 1596 1036 1658 in
1053 1596 1285 1676 phantasmate
1298 1601 1432 1658 tantum
1445 1597 1591 1671 venisse,

371 1696 431 1739 neo
447 1696 521 1740 vere
537 1696 669 1758 passum
687 1697 746 1773 neo
762 1697 837 1739 rere
855 1683 983 1751 natum,
999 1678 1265 1740 resurrectionem
1282 1678 1410 1739 mimae
1428 1677 1589 1757 probans,

312 1770 361 1819 ¹⁶⁰
372 1777 647 1913 &iffi
662 1758 1461 1921 salsflesiarluffirst
1472 1779 1589 1905 llll

371 1922 576 2003 deploratum
601 1921 783 1985 membrum
808 1942 829 1984 a
853 1924 1080 1986 communione
1102 1922 1242 1985 fratrum
1266 1929 1409 1985 resectus
1433 1929 1495 1985 est.
1543 1923 1587 1987 In

371 2004 467 2066 huius
502 2005 706 2085 impietatem
740 2006 895 2067 successit
928 2004 1072 2067 Marcion
1105 2024 1219 2086 genere
1252 2004 1418 2078 Ponticus,
1453 2004 1588 2069 Stoicae

371 2085 593 2166 philosophiae
624 2086 798 2159 studiosus,
830 2087 973 2168 episcopi
1004 2086 1100 2159 illius,
1132 2085 1175 2149 ob
1206 2092 1391 2167 stupratam
1422 2086 1585 2167 virginem

311 2183 357 2241 165
371 2169 493 2229 eiectus
511 2166 554 2229 ab
572 2168 726 2241 Ecclesia,
745 2169 803 2248 qui
820 2175 932 2230 tamen
950 2174 1026 2248 post
1042 2168 1213 2231 interdixit
1229 2169 1362 2249 nuptias
1380 2168 1584 2233 Ohnatimis.

371 2248 524 2312 Cerdonis
552 2267 590 2311 so
617 2250 789 2312 Marcionis
816 2249 1038 2329 blasphemam
1066 2249 1248 2312 doctrinam
1275 2250 1404 2330 excepit
1431 2248 1586 2314 Lucanus

371 2330 516 2411 quidam,
528 2330 571 2393 cb
581 2332 616 2394 id
628 2332 783 2393 obscurus
793 2332 882 2411 quod
894 2331 1325 2394 nihilinnouaritexeorum
1336 2331 1488 2395 doctrina
1497 2351 1585 2413 quos

371 2412 576 2494 sequebatur.
612 2413 676 2477 Sed
688 2412 817 2494 Apelles
829 2413 1002 2475 Marcionis
1014 2414 1201 2493 discipulus,
1238 2434 1281 2475 uo
1294 2434 1328 2476 se
1340 2413 1464 2477 iaceret
1475 2433 1585 2477 nouae

370 2496 522 2558 factionis
543 2502 700 2568 autorem,
722 2495 827 2558 multa
847 2516 889 2557 ex
910 2496 1056 2576 magistri
1076 2433 1284 2576 dogmatibus
1303 2495 1502 2575 reprobauit,
1524 2496 1584 2559 sed

310 2579 416 2653 170sio
442 2584 481 2648 vt
505 2578 607 2640 nihilo
631 2578 760 2639 saniora
784 2577 1006 2640 substitueret.
1054 2577 1117 2639 Hic
1143 2577 1295 2658 allegauit
1319 2577 1413 2639 nohis
1438 2576 1583 2674 puellam

370 2661 500 2721 nomine
526 2659 746 2733 Philumenen,
773 2661 825 2722 oui
849 2658 994 2740 fingebat
1019 2659 1131 2721 adesse
1156 2678 1215 2739 pro
1237 2659 1380 2721 heticum
1405 2660 1582 2739 spiritum:

370 2760 469 2821 quam
484 2748 597 2804 tamen
611 2742 811 2822 Augustinus
826 2742 955 2821 scripsit
969 2760 990 2802 a
1005 2740 1123 2805 Seuero
1138 2678 1281 2821 qucdlm
1295 2740 1475 2815 inductam,
1491 2742 1584 2805 hand

370 2825 436 2885 seio
458 2823 538 2904 quid
560 2830 739 2905 sequutus;
773 2842 850 2885 nam
874 2822 1033 2886 Eusebius
1054 2827 1091 2885 et
1111 2822 1329 2885 Tertullianus
1349 2824 1385 2885 in
1406 2824 1468 2885 hoc
1491 2826 1583 2904 quod

369 2924 466 2967 narro
497 2907 713 2968 consentiunt.
768 2904 859 2967 Inter
890 2905 970 2968 haee
1044 2910 1155 2967 rtenta
1185 2904 1352 2968 latuerunt
1383 2904 1515 2968 Potitus
1547 2913 1584 2969 at

310 3006 356 3061 ¹75
370 2986 553 3060 Basiliscus,
568 2989 626 3068 qui
638 2986 833 3049 Marcionem
847 2988 978 3068 sequuti
1014 3007 1057 3049 uo
1070 3006 1177 3049 rerum
1192 2987 1349 3068 principia
1362 2985 1582 3051 tradiderunt.

370 3069 511 3148 Syrenas
531 3071 633 3149 magis
653 3070 753 3131 etiam
772 3068 922 3141 delirans,
943 3070 1008 3130 tria
1026 3069 1186 3149 principia
1204 3069 1272 3131 siue
1291 3075 1358 3131 tres
1376 3074 1513 3131 natmas
1531 3070 1582 3133 in·

370 3150 475 3212 duxit.
518 3150 588 3211 Hos
609 3170 720 3212 omnes
739 3156 897 3229 sequmus
917 3150 1075 3213 Tatianus
1094 3171 1136 3212 ex
1157 3150 1276 3213 Iustini
1295 3150 1453 3232 discipulo
1471 3149 1584 3215 iactus

370 3232 559 3305 haereticus,
586 3231 749 3294 Valentini
773 3231 1009 3312 Marcionisque
1033 3232 1187 3313 pestifera
1212 3232 1367 3314 dogmata
1390 3235 1584 3309 reuocauit5

370 3313 562 3392 discipulum
579 3311 695 3375 habuit
711 3312 929 3375 Galistionem.

309 3402 358 3453 180
411 3394 451 3455 In
469 3401 538 3455 tam
555 3394 685 3474 longam
702 3396 815 3457 seriem
832 3414 866 3457 ae
883 3395 1028 3476 porrexit
1043 3396 1100 3457 illa
1116 3395 1311 3459 detestanda
1326 3396 1395 3459 lues
1413 3416 1434 3457 a
1450 3395 1584 3461 Simone

370 3495 465 3555 mago
490 3475 646 3555 proiecta,
672 3475 827 3557 dictuque
852 3478 971 3539 mirum
997 3496 1096 3558 quam
1123 3498 1216 3559 aegre
1241 3478 1347 3542 desiit.
1395 3478 1467 3540 Iam
1492 3480 1582 3542 enim

371 3558 534 3621 Valentini
562 3577 682 3621 nomen
715 3565 787 3622 erat
820 3560 1013 3633 extinctum,
1072 3579 1150 3621 uum
1184 3567 1297 3623 tamen
1330 3579 1396 3622 non
1429 3559 1583 3624 deement

370 3641 599 3703 Valentiniani.
649 3639 718 3702 Nec
742 3641 874 3704 omnino
898 3641 971 3703 finis
991 3641 1066 3703 vide
1090 3648 1166 3704 atur
1189 3641 1329 3715 iuturus,
1351 3642 1413 3703 nisi
1436 3643 1583 3706 venisset

369 3723 566 3797 Montanua;
593 3724 650 3803 qui
665 3723 801 3787 caeteris
815 3724 965 3786 omnibus
981 3722 1152 3804 abrogauit
1166 3724 1388 3797 autoritatem,
1404 3725 1581 3867 seeeredi·

309 3814 354 3877 185
369 3825 446 3867 cans
467 3825 537 3868 esse
558 3805 714 3887 Spiritum
737 3812 886 3867 sanetum
909 3825 930 3866 a
951 3805 1079 3868 (lhristo
1100 3806 1303 3885 promissum,
1326 3807 1384 3885 qui
1405 3805 1428 3867 d
1470 3815 1582 3871 uceret

368 3890 402 3949 in
416 3907 545 3949 omnem
559 3889 741 3950 veritatem.
778 3885 872 3961 Quen
895 3905 971 3947 uam
984 3892 1020 3949 et
1032 3887 1239 3949 Manichaeus
1252 3887 1398 3950 nonnihil
1410 3890 1526 3952 erroris
1539 3911 1581 3953 ex

369 3969 511 4032 Basilide
531 3970 662 4032 videtur
681 3969 834 4031 hausisse.
907 3968 1005 4030 ocidit
1025 3975 1136 4030 autem
1157 3969 1209 4031 hie
1230 3970 1319 4049 quod
1338 3970 1423 4034 solet
1440 3972 1476 4034 in
1495 3970 1581 4035 febri

369 4052 576 4114 vehementer
595 4052 713 4124 tenaci,
734 4069 819 4130 quae
838 4068 925 4111 nunc
945 4055 997 4112 est
1015 4050 1176 4113 remissior
1195 4070 1282 4114 nuno
1303 4054 1415 4127 acrior,
1436 4072 1523 4116 nunc
1544 4056 1580 4116 in

369 4132 466 4195 aliam
481 4140 580 4215 atque
593 4132 691 4194 aliam
700 4133 843 4276 :Roaiam
856 4150 925 4193 sese
939 4132 1049 4204 vertit,
1063 4151 1123 4194 neo
1136 4132 1281 4197 desinere
1294 4141 1413 4215 potest,
1428 4134 1530 4198 donee
1543 4137 1579 4199 in

308 4232 356 4286 ¹90
368 4214 550 4296 phrenesim
569 4215 681 4277 autin
734 4213 790 4276 'ud
808 4211 931 4275 malum
949 4214 1150 4294 praesentius
1168 4221 1275 4277 exeat.
1315 4214 1479 4278 Aduersus
1497 4216 1578 4281 haee

368 4301 521 4376 portenta
543 4296 605 4357 sori
662 4316 696 4357 re
719 4296 874 4370 Iustinus,
899 4314 997 4376 quem
1020 4294 1192 4375 aliquoties
1215 4297 1297 4359 citat
1320 4297 1482 4369 Irenaeus,
1506 4296 1577 4361 Mil·

368 4376 483 4451 tiades,
620 4396 659 4438 us
679 4384 713 4440 et
732 4376 971 4440 Tertullianus:
1004 4378 1094 4439 cuius
1113 4377 1215 4442 libros
1238 4398 1320 4459 quos
1344 4377 1578 4442 eruditissimos

404 4559 461 4663 Ἀ.
479 4544 722 4598 Philumenell¹⁸z
742 4544 963 4600 Philomenwz
983 4545 1257 4602 Philumenemlcsd
1369 4561 1424 4611 190.
1442 4550 1575 4605 autlndz

368 4628 403 4664 au
467 4630 491 4663 e.

405 4856 461 4904 162.
478 4851 654 4919 deploratum]
669 4852 707 4903 cf.
722 4851 771 4918 Ep.
785 4866 844 4914 994
858 4867 918 4904 aru.
1001 4855 1179 4907 thanuvain
1189 4855 1288 4907 editors
1299 4854 1440 4907 bracketed
1452 4854 1482 4911 it,
1502 4855 1573 4919 1576.

369 4985 375 4997 .
405 4932 460 4981 172.
478 4918 648 4984 Augustinus]
662 4918 789 4981 Haemo„
814 4919 941 4970 Erasmus
1039 4933 1093 5036 1734
1112 4920 1250 4985 Eusebius]
1268 4919 1334 4972 dccl.
1350 4920 1458 4983 [lists.
1477 4932 1515 4981 13.
1531 4932 1557 4970 a.

368 4983 489 5035 included
503 4985 531 5035 in
546 4985 587 5036 hia
599 4990 666 5043 tert,
682 4996 754 5048 1529,
767 4985 815 5036 the
1089 4986 1255 5052 ertsalliauua]
1271 4987 1385 5038 Praese.
1402 4987 1428 5043 ὁ,
1441 4995 1480 5047 ςῐ,
1493 4984 1572 5035 Ocra.

368 5049 451 5101 about
466 5050 550 5101 which
565 5050 599 5101 hc
612 5051 634 5101 is
649 5050 710 5102 hera
723 5049 838 5103 doubtfu
857 5067 865 5110 ς
891 5049 940 5101 but
1000 5052 1078 5112 Μ.
