3534 5984
380 697 442 759 502
792 696 1024 760 APPume
1045 695 1164 759 XVIII

481 898 527 963 ⁵6.
573 898 680 964 Facu
701 898 803 963 Jeme
825 896 940 963 Loms
962 895 1077 963 Vrvas
1099 913 1145 961 ro
1167 895 1269 962 Joun
1291 892 1486 962 Vaassen.

413 1052 523 1108 Medrid
536 1053 593 1108 MS.
610 1053 712 1124 18675,
724 1070 771 1108 uo.
786 1067 830 1122 13.
1297 1154 1329 1209 1⁴
1342 1051 1541 1209 Alffizei⁵z⁷

412 1278 466 1340 [An
479 1282 584 1328 extract
598 1277 666 1328 from
680 1295 696 1329 a
710 1278 790 1329 letter
803 1278 831 1328 oi
844 1277 933 1336 Vives,
948 1276 1016 1327 from
1030 1277 1077 1328 the
1091 1292 1164 1328 same
1177 1292 1269 1327 source
1282 1292 1313 1327 ss
1327 1276 1377 1327 No.
1395 1289 1405 1326 1
1420 1276 1477 1327 and
1488 1276 1587 1342 copied

378 1341 468 1408 bytho
477 1359 550 1395 same
559 1344 647 1395 xvim.
657 1343 748 1395 hand:
768 1344 826 1394 first
833 1342 940 1409 printed
949 1344 977 1393 in
985 1342 1036 1394 lull
1044 1342 1081 1408 by
1090 1342 1160 1394 Prol.
1171 1342 1285 1401 Bouilla,
1294 1358 1336 1406 op.
1346 1342 1398 1401 cit,
1408 1357 1433 1407 p.
1444 1356 1477 1402 92
1488 1343 1586 1406 (266).]

422 1520 428 1534 .
443 1520 451 1534 .
466 1521 472 1535 .
484 1472 534 1535 De
546 1474 680 1536 Erasmo
691 1481 875 1555 pergratum
884 1472 1085 1535 mihifceeris
1092 1475 1120 1536 si
1127 1492 1211 1553 quse
1219 1473 1369 1553 deinceps
1376 1479 1452 1535 scta
1460 1474 1586 1536 fuerint

377 1556 605 1635 perscripserit.
647 1560 788 1640 Διήγηται
811 1561 879 1637 ἡμῖν
904 1559 950 1618 καὶ
977 1561 1091 1635 μᾶλλον
1118 1561 1151 1631 ἒξ
1174 1559 1303 1637 Ἰβηρίας
1329 1559 1489 1639 γίγραπται
1517 1562 1585 1624 τοὺς

377 1636 568 1718 Ἐρασμικοὺς
584 1642 700 1722 γραφὴν
718 1648 757 1722 τῷ
778 1644 867 1721 Θωμᾷ
885 1642 932 1701 καὶ
950 1644 989 1719 τῷ
1007 1641 1104 1721 Σκότῳ
1122 1641 1295 1719 γραφθῆναι,
1308 1644 1344 1699 ei
1360 1637 1525 1717 postulare
1544 1647 1586 1701 vt

376 1719 411 1780 in
427 1718 501 1781 illos
522 1739 650 1800 quoque
674 1721 866 1800 inquiratur.
917 1718 1084 1793 Quomodo
1107 1721 1141 1781 id
1165 1721 1212 1782 eis
1236 1720 1383 1781 venitin
1408 1726 1582 1782 mentem?

351 1799 462 1869 sNam
483 1820 542 1880 ego
561 1822 602 1863 ne
622 1801 690 1863 fieri
710 1802 841 1882 quidem
861 1821 954 1881 posse
979 1802 1174 1881 suspicabar.
1221 1801 1321 1864 Plane
1338 1802 1366 1862 si
1386 1801 1525 1863 eundem
1547 1804 1583 1864 in

377 1883 510 1944 modum
528 1882 656 1946 illorum
671 1889 880 1946 monumenta
893 1884 1044 1945 scruteris
1057 1903 1122 1963 quo
1134 1884 1298 1945 Erasmica
1310 1883 1366 1944 isti
1380 1890 1580 1956 scrutantur,

376 1964 628 2027 intolerabiliora
643 1966 676 2026 in
693 1965 759 2027 illis
777 1966 986 2046 reperientur,
1001 1966 1065 2026 nisi
1082 1966 1170 2045 quod
1183 1964 1288 2027 multa
1305 1964 1386 2027 dura
1404 1971 1439 2025 ct
1457 1967 1581 2044 grauis-

376 2046 459 2107 sima
482 2066 559 2107 vsus
584 2046 662 2108 fecit
686 2047 842 2110 molliora.
895 2046 957 2109 Sed
979 2067 1044 2110 non
1070 2047 1206 2109 deerunt
1231 2065 1314 2127 quae
1342 2046 1513 2109 defendere
1542 2067 1582 2110 ac

376 2134 484 2190 tenere
515 2147 610 2190 nemo
640 2130 743 2209 possit
768 2130 832 2191 nisi
861 2129 1188 2210 interpretatiuncule
1213 2136 1273 2191 aut
1303 2129 1581 2203 distinctiuncula,

333 2226 365 2266 10
378 2211 540 2290 quomode
553 2210 641 2273 haud
654 2210 782 2273 difficile
794 2218 879 2274 esset
892 2230 1126 2292 quemeumque
1141 2212 1338 2273 haereticum
1351 2212 1445 2272 tueri.

417 2290 552 2373 Scripsit
564 2312 667 2373 nuper
676 2294 720 2354 ad
730 2312 781 2355 me
791 2292 974 2373 Alphonsus
987 2294 1150 2356 Viruesius
1164 2293 1402 2365 Benedictinus,
1417 2291 1524 2365 homo,
1541 2303 1582 2356 vt

375 2374 515 2448 videtur,
530 2374 656 2436 Erasmi
668 2375 932 2448 studiosissimus,
946 2383 980 2438 et
994 2377 1130 2438 istarum
1143 2374 1326 2437 litterarum
1341 2381 1440 2454 atque
1455 2376 1580 2436 eutium

377 2456 494 2536 quibus
519 2476 579 2518 noa
601 2457 809 2520 delectamur.
854 2456 958 2519 Velim
977 2479 1017 2520 ex
1034 2464 1068 2520 te
1086 2476 1273 2537 cognoscere
1290 2458 1424 2536 quinam
1443 2458 1495 2518 vir
1512 2458 1579 2519 sit:

377 2556 454 2599 nam
471 2538 551 2600 mihi
567 2559 634 2601 non
649 2539 799 2603 indoctus
817 2539 948 2602 videtur
961 2548 996 2603 et
1013 2539 1174 2603 cordatus.
1199 2588 1206 2601 .
1230 2588 1237 2601 .
1261 2587 1268 2602 .

332 2636 362 2692 ις
418 2620 498 2683 Vale
511 2620 628 2701 Brugis
643 2638 682 2701 14
694 2621 834 2701 Augusti
849 2635 940 2702 1527.

417 2725 458 2787 D.
474 2725 589 2789 Ioenni
602 2725 759 2807 Vergarae
771 2726 931 2807 theologo,
949 2747 969 2789 s
987 2728 1117 2790 seeretis
1134 2726 1397 2790 reuerendissimo
1415 2726 1579 2806 Archiepi-

376 2827 473 2888 scopo
487 2808 654 2871 Toletano.

587 2958 611 3006 3.
630 2941 766 3005 γραφθῆναι
779 2941 847 2993 nc:
868 2942 983 3007 sertim
994 2942 1142 3006 γεγραφέναι
1156 2942 1191 2994 sit
1201 2942 1369 2993 sommum.
