3534 5984
356 694 416 756 ree
708 690 904 755 nmrnrs
926 690 981 756 or
1002 690 1203 755 nemetes
1463 694 1558 771 [1525

354 868 478 938 exorte,
490 881 556 926 non
566 878 697 941 prorsus
706 858 877 922 infeliciter
887 864 1024 923 conetur
1034 878 1123 922 erem
1133 864 1173 923 vt
1183 860 1420 926 reflorescerent
1429 862 1558 943 linguae

355 963 430 1006 curn
439 944 533 1008 bonis
540 942 652 1017 literis,
663 941 822 1023 simulque
833 947 958 1005 veteres
968 942 1141 1005 orthodoxi
1149 962 1224 1005 cum
1234 943 1363 1008 diuinee
1373 944 1558 1025 Scripturee

310 1050 342 1103 ας
355 1025 500 1089 fontibus
516 1030 754 1089 reuocerentur.
792 1024 853 1085 His
867 1024 1068 1104 temporibus
1084 1025 1239 1105 quoniem
1254 1027 1349 1090 video
1364 1027 1446 1089 nihil
1461 1026 1557 1088 scribi

355 1126 448 1189 posse
466 1108 555 1189 quod
571 1126 638 1170 non
656 1105 802 1169 offendet
819 1105 955 1185 eliquos,
974 1105 1102 1168 deereui
1118 1107 1279 1187 quiescere
1293 1129 1301 1183 ;
1331 1115 1423 1172 totus
1436 1109 1555 1181 iubeo,

355 1193 395 1252 vt
407 1208 492 1270 quee
506 1190 641 1270 vulgete
654 1194 732 1251 sunt
744 1206 804 1252 nec
818 1188 963 1247 reuoeeri
976 1194 1122 1268 possunt,
1137 1197 1359 1271 repurgentur,
1374 1210 1440 1271 quo
1454 1209 1555 1270 quen·

252 1327 254 1332 .
355 1276 428 1334 tum
441 1268 510 1335 fieri
524 1278 634 1353 potest
651 1276 784 1333 cereent
797 1268 1000 1332 offendiculo.
1035 1269 1088 1331 Ad
1101 1269 1185 1333 hene
1199 1291 1266 1334 rem
1280 1275 1338 1354 qui
1352 1274 1431 1334 mihi
1445 1272 1555 1352 digne·

355 1352 445 1416 bitur
459 1353 541 1418 ferre
556 1354 732 1434 suppeties‚
749 1351 837 1431 epud
852 1370 904 1413 me
919 1370 1080 1413 summem
1095 1352 1192 1414 inibit
1206 1356 1354 1434 gretiam.
1391 1353 1426 1417 Si
1441 1373 1556 1435 perum
1576 1394 1580 1400 -

309 1459 345 1512 ³0
355 1436 520 1499 videbitur
532 1437 680 1517 proxime
692 1433 834 1497 editione
848 1438 974 1495 mutere
988 1453 1071 1513 quee
1085 1433 1303 1511 offendebant,
1317 1456 1384 1499 nen
1397 1435 1556 1517 greueber

355 1538 424 1581 esee
441 1520 581 1581 seuerior
596 1517 694 1581 iudex
710 1517 746 1577 in
763 1514 1001 1577 lucubrationes
1019 1534 1107 1578 moes
1124 1535 1223 1596 quem
1242 1518 1441 1599 Augustinus
1457 1517 1556 1579 fuerit

354 1600 389 1662 in
406 1620 491 1663 sues.
530 1601 673 1671 Tentum
690 1618 731 1659 ne
748 1597 853 1660 nodus
871 1603 1047 1677 quaeretur
1063 1600 1098 1660 in
1116 1618 1242 1679 ecyrpo,
1261 1600 1318 1662 sed
1335 1620 1375 1662 ee
1392 1600 1555 1662 duntexet

354 1682 537 1745 iudicentur
550 1701 633 1762 quee
647 1686 724 1741 sunt
737 1679 871 1741 ehcuius
885 1680 1051 1741 momenti.
1086 1679 1154 1741 Nee
1167 1700 1260 1760 egem
1276 1684 1555 1762 tergiuersetorem

354 1764 389 1826 in
403 1763 593 1844 explicando
608 1767 668 1825 eut
679 1763 715 1823 in
728 1759 940 1833 defendendo,
955 1779 1014 1822 nec
1029 1761 1108 1821 mihi
1121 1761 1294 1842 indulgebo
1308 1765 1342 1824 in
1357 1763 1553 1842 corrigendo.

309 1867 341 1919 35
355 1844 441 1909 Sunt
458 1845 613 1925 dogmate
631 1842 792 1924 queedem
810 1848 1027 1916 controuerso,
1047 1842 1135 1922 quod
1154 1862 1254 1922 genus
1272 1850 1323 1905 est
1343 1843 1555 1906 ‘Pontificem

356 1946 424 1989 esse
446 1927 641 2007 superiorem
663 1924 804 1987 Concilio
826 1923 1031 1985 vniuerseli’.
1075 1922 1160 1986 Sunt
1181 1926 1341 2005 queedem
1363 1927 1500 1987 obscure
1522 1933 1556 1987 et

354 2009 529 2088 incognite,
541 2007 637 2087 quele
648 2012 719 2068 eret
729 2005 809 2067 illud
823 2004 831 2031 ¹
843 2004 894 2067 De
905 2024 970 2067 non
982 2005 1146 2067 vertendis
1156 2007 1246 2069 librie
1257 2008 1356 2069 secrie
1366 2008 1401 2069 in
1411 2007 1556 2087 linguem

356 2089 542 2170 popularem
557 2090 576 2151 ³.
609 2087 693 2152 Sunt
703 2087 864 2168 queedem
874 2087 1032 2153 eiusmodi
1043 2093 1082 2149 vt
1091 2086 1202 2151 multis
1213 2089 1371 2169 eempulie
1381 2095 1557 2168 torqueunt

355 2172 530 2252 ingenium.
571 2170 620 2233 De
639 2169 690 2233 his
707 2187 774 2232 non
793 2168 924 2231 videtur
941 2169 1077 2312 impium
1097 2168 1272 2245 disserere;
1304 2172 1356 2232 vel
1375 2177 1414 2233 vt
1432 2171 1556 2251 eliquid

309 2275 345 2326 40
377 2253 481 2316 lenius
502 2259 537 2317 et
558 2252 704 2316 erectius
725 2251 920 2325 inuenietur,
943 2271 984 2314 ve
1017 2257 1057 2312 vt
1078 2249 1238 2314 submotis
1259 2252 1459 2315 offendiculis
1482 2271 1554 2315 con·

428 2341 525 2399 entur
537 2354 621 2416 quee
635 2334 766 2397 decrete
779 2338 866 2395 sunt.
902 2331 955 2394 Ad
968 2332 1048 2395 hoee
1063 2333 1294 2397 consideranda
1308 2340 1359 2397 est
1372 2340 1555 2415 temporum

269 2473 277 2487 .
355 2419 451 2480 retio.
494 2416 628 2479 Vtinem
648 2435 715 2478 non
735 2416 860 2497 pigeret
880 2416 1040 2477 attentius
1060 2414 1163 2496 legere
1184 2435 1273 2479 mees
1294 2415 1553 2479 lucubretienes!

356 2518 416 2562 nec
428 2500 514 2563 enim
525 2498 642 2561 dubito
654 2499 734 2579 quin
745 2497 781 2559 id
792 2498 917 2577 integer
928 2496 1074 2559 lecturus
1086 2499 1140 2559 sie.

397 2580 472 2644 Non
483 2582 577 2662 potui
587 2581 673 2644 hunc
685 2598 816 2642 onerere
827 2580 973 2660 muniere
983 2577 1138 2641 librorum
1149 2582 1283 2656 semine,
1296 2586 1407 2643 temen
1418 2580 1556 2642 indicem

310 2681 343 2734 45
357 2665 501 2725 omnium
519 2665 601 2725 misi.
639 2663 767 2725 Tertiae
784 2661 920 2724 editioni
936 2660 1022 2724 Noui
1038 2660 1239 2725 Testementi
1256 2662 1368 2724 addidi
1384 2661 1556 2742 Apologies

356 2744 482 2825 eliqeot
501 2764 614 2819 nouus,
636 2763 718 2825 ques
738 2743 832 2805 tecile
853 2761 1027 2823 percurres.
1070 2743 1236 2824 Respondi
1257 2743 1408 2807 Stunicee
1430 2744 1554 2806 conclu·

356 2826 500 2890 sionibus
518 2833 554 2889 et
572 2826 725 2889 erticulis.
766 2826 836 2905 Ego
855 2844 908 2886 mc
926 2824 1122 2887 catholicum
1140 2845 1209 2888 esse
1227 2832 1319 2907 puto,
1340 2845 1405 2888 non
1424 2832 1555 2888 tentum

357 2908 400 2969 ob
426 2907 462 2970 id
487 2908 576 2989 quod
605 2926 718 2987 peeem
745 2906 882 2969 hebeem
914 2925 989 2968 cum
1015 2905 1181 2982 Pontifice,
1208 2926 1282 2968 oum
1309 2907 1453 2982 Oeesere,
1482 2927 1556 2969 eum

358 2989 571 3063 Fordinendo,
596 3008 671 3051 cum
695 2988 864 3068 Episcopis
887 2990 977 3062 meis,
1001 3008 1113 3050 verum
1137 2991 1236 3050 etiem
1260 2989 1348 3069 quod
1371 2988 1557 3051 Lutherene

312 3069 457 3140 selectio
470 3072 631 3132 neminem
644 3071 746 3149 megis
759 3069 830 3131 odit
843 3087 943 3148 quem
956 3068 1137 3132 Eresmum.
1174 3070 1268 3145 Quod
1281 3072 1309 3131 si
1321 3070 1356 3131 id
1369 3071 1466 3133 estin
1479 3070 1557 3133 fetis

358 3153 438 3213 meis
460 3157 499 3213 vt
521 3152 673 3231 vti-inque
695 3150 828 3230 lepider,
852 3158 964 3212 temen
987 3151 1117 3213 edniter
1140 3157 1179 3213 vt
1201 3152 1328 3215 Christo
1350 3153 1468 3232 prober
1479 3173 1487 3227 ;
1522 3154 1557 3214 in

358 3233 448 3295 cuius
463 3232 549 3295 diem
564 3252 616 3294 me
630 3252 710 3313 pero
724 3238 798 3294 toto
812 3238 953 3312 pectore.
990 3232 1024 3295 Is
1038 3239 1073 3295 te
1087 3240 1195 3295 seruet
1209 3234 1412 3308 incolumem,
1428 3234 1557 3297 domine

356 3320 391 3376 et
402 3313 503 3376 freter
514 3314 709 3377 henerendc.

397 3395 552 3471 Besileee,
568 3395 679 3459 Neteli
693 3396 797 3459 sencti
812 3395 1061 3477 Berptolemeei.
1076 3396 1181 3460 Anno.
1197 3413 1234 3459 u.
1251 3413 1284 3459 n.
1300 3414 1383 3460 xxv.

312 3494 342 3547 55
999 3479 1153 3541 Erasmus
1166 3478 1243 3541 Rot.
1260 3499 1357 3543 menu
1373 3481 1514 3562 proprie.

641 3648 745 3744 1597.
791 3679 844 3746 To
868 3677 1074 3746 Gunurues
1097 3676 1265 3745 Bnrxms.

391 3816 470 3888 Opus
481 3815 789 3888 Epistolerump·693·
1353 3817 1444 3873 Beele.

390 3904 427 3960 N.
439 3921 468 3976 p.
479 3906 529 3961 661
545 3924 553 3960 ε
575 3904 667 3960 lond.
678 3905 738 3961 xix.
750 3908 783 3976 85
797 3924 805 3960 2
827 3905 886 3961 LB.
897 3916 961 3975 752.
1275 3917 1308 3975 25
1323 3905 1435 3977 August
1448 3919 1525 3978 1525.

580 4024 647 4089 [The
658 4025 796 4092 yar-dete
807 4026 830 4077 ie
840 4026 933 4093 emply
943 4024 1086 4077 confirmed
1097 4025 1134 4091 by
1146 4024 1192 4076 the
1203 4023 1348 4089 contente]

492 4170 646 4217 nnhsuvs
666 4170 742 4217 RO'l'.
764 4171 929 4217 onemo
951 4170 1070 4217 numo
1091 4170 1379 4219 mrlffiononnrtffi
1399 4173 1426 4219 S.

398 4258 426 4320 Ο
444 4276 487 4321 un
504 4265 619 4339 terque
636 4266 816 4342 queterque
832 4262 969 4337 felicem,
988 4262 1080 4326 Brixi
1097 4263 1291 4338 charissime,
1310 4264 1367 4344 qui
1384 4271 1418 4326 te
1435 4282 1561 4343 semper

354 4340 443 4403 intre
467 4340 633 4403 Musarum
657 4348 753 4422 septe
776 4345 983 4419 continueris,
1008 4365 1068 4408 nec
1093 4364 1237 4426 vnquem
1262 4346 1408 4426 ettigerie
1432 4344 1561 4424 epinete

396 4472 472 4526 1596.
489 4488 530 4538 33.
547 4474 699 4527 indicentur
707 4476 742 4526 Η.
835 4490 876 4541 34.
895 4479 991 4544 inpcet
999 4484 1049 4531 eut
1057 4477 1115 4529 edd.
1127 4478 1162 4529 H.
1255 4489 1294 4542 54.
1313 4475 1510 4530 Berthelemeei
1523 4477 1557 4528 H.

358 4538 821 4606 55.llreemus...prcprieenell.

395 4731 469 4785 1596.
494 4747 537 4796 44
563 4731 688 4797 indicem]
715 4732 770 4784 The
795 4731 935 4796 Ootologee
984 4733 1081 4784 second
1091 4732 1202 4790 edition,
1216 4742 1289 4796 1519,
1298 4730 1361 4784 thet
1371 4730 1404 4781 he
1414 4729 1503 4782 edded
1514 4731 1561 4782 the

358 4799 577 4851 Dumbrdmm
598 4798 650 4861 (1);
679 4813 715 4849 ne
737 4798 824 4849 doubt
841 4799 870 4848 in
888 4797 935 4849 the
984 4813 1043 4849 new
1052 4797 1208 4863 Apologia:
1224 4797 1279 4849 end
1294 4797 1359 4862 they
1369 4812 1414 4848 ere
1425 4796 1561 4862 reprinted

357 4864 461 4918 editim
474 4863 503 4915 ci
515 4864 589 4929 Sept.
607 4876 679 4928 15²4
983 4865 1012 4914 in
1027 4864 1074 4917 the
1086 4863 1167 4925 third,
1187 4876 1259 4928 1522,
1271 4862 1387 4914 without
1398 4861 1561 4914 substentiel

391 4942 433 4996 45.
451 4930 556 4982 Tertiee
568 4928 680 4982 editioni
703 4928 767 4980 rhu
779 4932 935 4989 stetement,
985 4929 1093 4996 cbenge

358 4996 462 5063 though
474 4995 607 5062 edeqnete
620 5001 651 5048 te
731 4992 798 5047 mue'
811 5008 934 5061 purpose,
1016 4996 1059 5058 4&
1077 4994 1214 5060 Respondi
1227 4993 1362 5059 Stunicee]
1378 4992 1426 5046 See
1441 4993 1510 5060 App.
1529 5006 1558 5058 ις

358 5060 710 5129 ismieleedingeeteiect.
739 5058 935 5112 ltmtothe
984 5058 1125 5111 involiv.
