3534 5984
354 711 417 776 soc
711 709 904 773 urrunns
926 709 981 773 or
1003 709 1202 773 ursanus
1465 707 1560 787 [1526

356 876 812 1039 §.tltltmfflffl
828 875 873 1019 ‘¹1⁰1
888 874 1559 1021 millite&

311 1058 345 1112 70
359 1039 527 1115 Quomodo
554 1047 665 1102 autem
692 1041 699 1055 '
771 1039 919 1120 Epistola
946 1040 1203 1102 Lutheranorum
1229 1042 1385 1102 excitasse
1410 1039 1560 1102 fremitus

357 1121 506 1202 putanda
515 1128 566 1185 est
580 1127 593 1183 t
616 1141 700 1203 quae
710 1141 821 1184 eorum
830 1121 965 1183 {actioni
975 1121 1070 1202 plane
1080 1122 1285 1202 astipulatur.
1316 1121 1392 1197 Non
1401 1121 1476 1183 inde
1487 1140 1560 1183 mea

357 1205 519 1265 sententia
542 1205 715 1284 impiorum
738 1210 816 1265 sunt
839 1205 1072 1266 commotiones
1095 1210 1236 1265 exortae.
1287 1203 1367 1265 Aliis
1390 1205 1561 1282 prouocati

357 1283 446 1347 fuere
463 1287 577 1360 causis,
595 1304 678 1366 quas
694 1285 738 1348 ad
753 1304 822 1347 rem
838 1287 896 1347 vix
912 1285 1064 1366 purgabis
1081 1292 1120 1347 vt
1135 1285 1220 1347 ieret
1236 1304 1327 1365 opus,
1346 1287 1409 1347 nisi
1425 1293 1459 1347 et
1476 1304 1561 1364 quae

357 1385 525 1447 perperam
540 1369 696 1448 scripsisti
710 1368 817 1448 tuipse
831 1367 1067 1431 retractaueris.
1104 1366 1157 1427 Hli
1171 1368 1266 1440 enim,
1284 1369 1438 1445 quoniam
1453 1370 1561 1430 sciunt

311 1465 342 1520 7⁵
357 1447 429 1509 aliis
454 1447 657 1511 callidissime
682 1451 728 1511 im
771 1469 856 1523 nere,
881 1468 949 1511 non
973 1449 1067 1511 iacilc
1091 1450 1221 1511 retineri
1247 1468 1280 1509 se
1306 1449 1412 1510 verbis
1437 1450 1560 1511 sinunt.

357 1528 569 1611 Congratulor
581 1538 693 1593 tamen
739 1532 880 1593 urimum
893 1531 982 1612 quod
994 1531 1148 1593 aduersus
1161 1550 1216 1592 eos
1229 1530 1340 1592 stilum
1353 1534 1559 1593 conuerteris.

357 1609 423 1674 Det
436 1612 498 1674 tibi
512 1612 671 1675 Dominus
684 1614 823 1693 gratiam
836 1612 953 1693 agendi
967 1613 1052 1675 vnde
1066 1632 1177 1674 veram
1191 1614 1401 1693 promerearis
1414 1612 1560 1693 gloriam.

399 1691 463 1756 Sed
476 1700 529 1756 sat
542 1694 582 1755 de
596 1694 647 1756 his
660 1696 704 1757 sit
717 1694 851 1756 dictum.
894 1695 969 1757 Non
983 1701 1033 1757 eet
1052 1714 1174 1757 nouum
1195 1700 1254 1756 aut
1273 1694 1502 1757 immodestum
1522 1697 1560 1769 si,

357 1774 415 1838 vbi
427 1795 525 1838 causa
535 1775 690 1857 deposcit,
706 1776 877 1838 verborum
888 1776 1083 1857 quandoque
1094 1778 1266 1838 seueritate
1277 1783 1426 1839 vtamur:
1451 1778 1559 1839 certis

311 1865 345 1916 80
357 1858 476 1919 simum
487 1859 574 1919 enim
584 1863 635 1921 est
645 1857 708 1919 tibi
718 1858 753 1919 id
764 1877 829 1920 non
840 1860 1005 1920 insuetum
1015 1878 1093 1920 esse.
1126 1857 1242 1921 Patere
1252 1860 1360 1938 igitur,
1372 1865 1407 1921 te
1417 1858 1559 1933 obsecro,

357 1959 418 2001 nos
442 1959 501 2019 pro
526 1941 665 2002 veritate
690 1958 729 2000 ea
774 1940 892 2001 audere
916 1940 1068 2002 licentia:
1105 1960 1206 2020 quam
1230 1942 1356 2003 vtinam
1380 1959 1477 2003 nemo
1501 1959 1560 2021 pro

358 2020 503 2083 falsitate
526 2021 718 2101 usurparetl
753 1958 809 2084 8Elt
829 2021 1007 2085 Dominum
1028 2041 1086 2083 ora
1106 2022 1275 2084 nobiscum
1299 2030 1337 2084 vt
1358 2024 1393 2085 in
1414 2028 1560 2085 nostram

358 2103 467 2166 omnia
479 2108 589 2165 vertat
601 2102 750 2165 salutem.

400 2183 485 2258 Quid
506 2186 550 2247 sit
570 2184 611 2246 de
625 2203 763 2265 persona
784 2185 831 2246 Be
869 2187 926 2248 uin
942 2185 1089 2247 futurum
1105 2187 1274 2247 nescimus.
1316 2186 1441 2266 Nempe
1460 2187 1559 2248 xxiii.

311 2274 342 2339 85
358 2265 454 2328 huius
480 2268 599 2329 mensis
624 2267 813 2348 grauissimo
904 2266 1001 2330 lesiae
1026 2268 1145 2330 iudicio
1172 2267 1278 2331 dictus
1304 2274 1355 2331 est
1380 2268 1560 2331 haereticus

357 2346 511 2429 relapsus,
531 2355 566 2411 et
583 2350 725 2430 supremi
749 2347 888 2412 Senatus
905 2352 1063 2430 potestati
1081 2369 1137 2411 seu
1154 2350 1255 2411 laicae
1274 2352 1384 2411 manui
1403 2350 1559 2413 redditus.

358 2427 393 2493 Si
408 2428 522 2511 legeris
538 2432 679 2512 primum
696 2431 814 2493 librum
831 2431 1005 2512 Augustini
1022 2438 1136 2494 contra
1153 2432 1357 2494 cresconium
1373 2434 1559 2513 grammati-

358 2530 443 2587 cum,
460 2531 527 2576 non
543 2512 631 2576 dices
647 2513 791 2588 ulterius,
809 2520 901 2594 puto,
920 2513 984 2575 alia
1000 2513 1146 2593 qualibet
1161 2515 1318 2576 iuniorem
1335 2513 1560 2576 scholasticam

357 2592 554 2676 theologiam
567 2616 636 2657 esse
650 2601 709 2659 aut
722 2597 828 2658 minus
842 2595 957 2657 utilem
970 2616 978 2657 ε
1004 2614 1104 2675 quam
1117 2596 1174 2675 qui
1187 2597 1324 2676 ignorat,
1339 2602 1374 2658 et
1387 2596 1428 2657 de
1441 2596 1561 2658 diuinis

310 2697 346 2747 90
357 2676 542 2758 aggreditur
555 2676 696 2752 definire,
710 2678 860 2758 periculis
872 2697 941 2740 sese
954 2678 1131 2739 committit
1144 2695 1219 2739 vere
1231 2677 1452 2740 formidandis.
1488 2677 1560 2739 Hac

358 2765 469 2822 autem
493 2758 612 2821 infelici
636 2766 842 2839 tempestate,
868 2778 935 2839 qua
959 2759 1074 2839 politia
1098 2758 1280 2822 Christiana
1304 2761 1393 2822 miris
1417 2779 1560 2822 errorum

358 2839 533 2903 offenditur
549 2840 685 2917 nebulis,
704 2842 777 2921 quis
794 2840 988 2903 eiuscemodi
1005 2840 1200 2921 theologiam
1212 2860 1279 2903 non
1293 2841 1384 2903 videt
1397 2860 1560 2922 perneces-

358 2923 476 2985 sariam
491 2928 504 2984 l
542 2921 637 2998 Quod
650 2923 790 3003 denique
805 2942 825 2984 a
840 2922 1033 2986 Lutherauis
1048 2929 1081 2985 te
1096 2924 1236 2985 exerceri
1250 2924 1400 3003 quereris,
1416 2929 1451 2986 et
1465 2923 1562 2986 simul

319 3051 322 3056 .
359 3004 583 3079 acatholicis,
604 3025 664 3086 pro
684 3024 789 3067 causa·
802 3004 977 3068 dolendum
997 3005 1060 3067 tibi
1079 3004 1230 3067 fatemur.
1274 3004 1336 3079 Qui
1355 3007 1391 3067 in
1411 3005 1561 3068 omnibus

311 3107 344 3160 ⁹⁵
358 3094 619 3231 mitti
637 3087 867 3231 ‘illm
881 3088 1373 3232 tttttl‘tffilffl
1389 3088 1561 3168 ⁸¹⁰³⁰⁸¹¹¹¹¹

399 3248 462 3311 Pro
482 3251 670 3312 transmisso
691 3250 829 3329 Virginis
849 3248 966 3313 beatae
987 3250 1099 3313 Officio
1119 3253 1240 3330 gratias
1260 3270 1343 3331 ago;
1376 3257 1412 3313 at
1432 3271 1561 3333 respon·

358 3330 1564 3495 8666881616661863861688616866681111

299 3516 347 3556 100
362 3495 459 3557 nix.
475 3494 539 3557 An.
557 3511 715 3557 naum.
731 3515 790 3575 pro
805 3516 893 3560 more
909 3496 1085 3559 Parisiano.

962 3579 1051 3641 Tuus
1064 3578 1166 3641 frater
1178 3585 1213 3641 et
1226 3585 1345 3641 orator.
1362 3578 1403 3641 N.
1419 3578 1519 3641 Beda.

328 3865 332 3873 Ι
628 3773 721 3835 1686.
767 3769 820 3835 To
844 3770 1004 3836 annors
1028 3770 1294 3837 curaremus.

395 3906 473 3979 Opus
485 3906 676 3978 Epistolarum
688 3925 716 3978 p.
729 3911 791 3977 832.
1377 3909 1467 3965 Bssle.

392 3994 429 4051 N.
442 4012 470 4067 p.
482 4008 555 4066 795:
578 3996 668 4051 lond
681 3998 806 4065 xxi.32:
829 3996 962 4067 LB.804.
1317 3998 1527 4068 1Apri11526.

578 4118 645 4181 [The
656 4117 794 4184 year-data
805 4119 828 4169 is
838 4116 931 4184 amply
942 4115 1085 4169 confirmed
1097 4117 1133 4184 hy
1144 4116 1191 4169 the
1202 4119 1344 4182 contenta]

426 4248 613 4296 ransomco
635 4248 846 4305 mamm,
869 4247 1029 4294 nrlsooro
1051 4247 1327 4314 mummium,
1342 4248 1496 4296 msuvs

787 4330 1037 4377 aormnmvs
1058 4331 1086 4377 8.
1100 4330 1133 4376 D.

400 4418 561 4479 Ranmra
573 4427 651 4482 sunt
665 4420 743 4481 mihi
758 4420 888 4483 litterae
902 4427 990 4494 tuae,
1005 4440 1086 4500 quas
1100 4441 1118 4482 e
1132 4420 1292 4482 Vaticano
1305 4419 1437 4480 miseras
1451 4418 1564 4482 Idibus

359 4500 530 4573 Ianuariis,
544 4500 602 4562 sed
615 4502 796 4581 resignatae
809 4523 817 4575 ;
844 4502 933 4583 quod
947 4522 1033 4565 nunc
1046 4501 1113 4565 iere
1126 4500 1166 4564 fit
1179 4503 1215 4564 in
1229 4500 1387 4563 omnihus.
1423 4500 1565 4565 Aiehant

619 4626 693 4677 1686.
710 4626 752 4678 68.
770 4626 944 4679 Aerianorum
956 4628 1050 4692 scripsi
1060 4648 1068 4681 2
1089 4629 1260 4682 Atrianorum
1271 4647 1295 4681 u.

395 4751 469 4801 losa.
488 4751 565 4813 68-9.
583 4750 617 4802 de
637 4751 804 4815 Haeresibus]
826 4766 858 4817 53
869 4771 875 4803 1
906 4754 935 4803 in
998 4752 1032 4804 de
1042 4751 1116 4804 Paris
1126 4769 1151 4819 p.
1163 4768 1221 4817 234,
1232 4754 1286 4805 and
1297 4754 1466 4818 Herminjard
1479 4768 1534 4821 172.

360 4814 412 4867 vol
436 4817 464 4866 xi
486 4815 515 4865 ci
540 4815 587 4868 the
609 4817 759 4869 Amorbach
780 4819 935 4883 Augustino,
1030 4819 1071 4867 88.
1089 4818 1272 4883 nondiees1E
1294 4821 1388 4884 .1679.
1402 4832 1494 4883 30-35.

360 4880 446 4941 Barla,
460 4884 531 4946 1506.
1032 4898 1073 4948 97.
1093 4884 1193 4949 Officio]
1210 4884 1253 4936 Nc
1286 4885 1352 4937 cubt
1365 4886 1394 4936 in
1408 4885 1454 4937 the
1468 4884 1565 4937 second

394 4947 436 5010 ⁸4
454 4945 580 5013 Berquin]
605 4948 647 4999 He
670 4964 724 5001 was
745 4949 830 5002 under
851 4956 935 5003 arrest
997 4949 1272 5017 editionida51525;
1291 4950 1394 5017 seeEp.
1408 4964 1478 5018 1577

359 5012 512 5065 dan-Nor.
538 5016 620 5077 15261
650 5030 693 5068 see
713 5015 857 5134 Ettpms.
878 5030 935 5081 1311,
1029 5016 1106 5081 97-8.
1124 5015 1432 5133 κΕοωὶοηὶιΝωΕμ
1450 5017 1521 5080 1667.

1182 5083 1276 5147 cum]
1290 5081 1346 5134 Noe
1358 5086 1460 5133 extem.

363 5082 436 5141 1697,
461 5094 534 5148 1717,
557 5092 630 5147 1735.
650 5080 707 5133 also
793 5081 936 5149 Bourgaois
1029 5083 1145 5133 16861.
