3534 5984
295 735 337 794 54
652 731 846 795 LETPERS
867 731 923 793 OF
945 729 1145 794 ERASMUS
1406 734 1505 811 [1525

253 915 282 966 35
296 893 529 968 delectabatur,
550 897 739 976 magistrum
758 916 853 958 suum
872 895 987 957 solitus
1004 901 1055 956 est
1074 894 1245 975 appellare.
1286 895 1506 976 Hieronymus

297 976 431 1038 amabat
464 979 628 1057 ingenium
664 979 819 1058 Origenis,
854 978 1047 1039 dissentiens
1082 997 1102 1037 a
1136 976 1353 1056 dogmatibus.
1411 978 1506 1041 Idem

297 1058 441 1137 Didymo
467 1067 654 1139 preceptore
680 1061 846 1140 gloriatur,
874 1061 965 1121 cuins
998 1059 1116 1138 dogma
1148 1078 1214 1120 non
1245 1059 1505 1140 comprobabat;

297 1139 452 1202 vtebatur
479 1140 581 1202 ludeo
604 1149 801 1222 preceptore,
826 1142 917 1203 cuius
943 1142 1148 1221 impietatem
1174 1140 1298 1202 oderat.
1354 1142 1506 1223 Denique

297 1220 418 1282 Paulus
431 1223 523 1284 iubet
537 1222 673 1303 probare
688 1225 807 1297 omnia,
823 1230 966 1285 ceterum
981 1222 1070 1303 quod
1085 1222 1207 1284 bonum
1221 1228 1406 1286 esttenete.

251 1322 288 1373 ⁴0
338 1303 489 1365 Excussis
508 1304 594 1366 illius
613 1305 703 1366 libris
723 1304 1004 1385 deprehenderunt
1023 1303 1164 1383 quedam
1185 1311 1345 1366 annotata
1364 1305 1399 1366 in
1420 1324 1505 1366 mar-

296 1385 424 1464 ginibus
434 1387 1092 1466 qnenonrectetrahuntinsnspitionem.
1125 1386 1329 1448 Annotamus
1339 1405 1405 1448 non
1415 1388 1506 1466 quod

297 1486 356 1528 nos
370 1469 527 1530 sentimus
541 1468 598 1530 sed
613 1469 702 1549 quod
716 1467 964 1548 expendendum
979 1470 1044 1530 sit:
1072 1468 1164 1529 velut
1178 1487 1237 1548 ego
1251 1469 1430 1547 scripturus
1445 1487 1507 1548 pro

295 1548 397 1610 libero
421 1550 567 1622 arbitrio,
591 1558 703 1613 tamen
726 1550 927 1612 annotabam
951 1551 986 1611 in
1008 1548 1106 1611 sacris
1127 1548 1217 1610 libris
1239 1551 1340 1611 etiam
1361 1549 1506 1629 illaque

296 1630 461 1694 faciebant
481 1639 596 1694 eontra
615 1632 752 1694 liberum
774 1629 955 1693 arbitrium.
998 1630 1053 1692 Ita
1073 1631 1101 1692 si
1122 1650 1225 1693 essem
1245 1633 1423 1711 scripturus
1445 1651 1506 1711 pro

251 1734 283 1786 45
297 1712 456 1793 dignitate
486 1713 661 1787 Pontificis,
691 1715 791 1775 etiam
819 1714 876 1774 illa
904 1720 1052 1774 notarem
1084 1731 1148 1791 qne
1178 1713 1285 1775 facere
1316 1712 1506 1775 viderentur

297 1801 411 1855 contra
428 1794 622 1873 dignitatem
638 1794 733 1857 illins.
774 1795 825 1856 Ex
843 1796 1041 1874 argumentis
1058 1801 1129 1855 tam
1146 1793 1271 1855 friuolis
1287 1796 1402 1856 statim
1419 1796 1505 1857 exci-

297 1882 412 1936 tarunt
433 1881 576 1937 atrocem
597 1876 778 1955 tragediam
798 1878 833 1937 in
854 1878 1005 1938 iuuenem
1027 1877 1117 1937 cuius
1138 1877 1312 1957 ingenium,
1334 1877 1508 1957 integritas

298 1957 457 2035 ardorque
475 1957 618 2019 discendi
636 1977 799 2018 summum
818 1957 1002 2019 merebatur
1020 1957 1176 2019 fauorem.
1216 1957 1357 2039 collegia
1374 1959 1505 2020 canoni·

297 2057 409 2098 corum
420 2037 573 2100 laborant
584 2039 676 2119 graui
689 2039 764 2101 odio
777 2039 866 2119 apud
874 2039 984 2113 laicos,
996 2039 1085 2120 quod
1097 2038 1241 2119 plerique
1251 2039 1324 2119 gule
1333 2041 1506 2120 ventrique

254 2142 287 2193 50
298 2120 424 2193 vinant,
435 2119 532 2182 alieni
542 2120 680 2182 abomni
688 2120 945 2183 sacredoctrina.
976 2120 1085 2200 Atque
1093 2121 1151 2182 hec
1159 2120 1505 2202 inuidiamitigaretur,

297 2202 326 2263 si
339 2203 483 2281 ceperint
497 2203 615 2264 habere
629 2203 749 2264 multos
763 2204 907 2265 Tossano
920 2202 1060 2265 similes:
1087 2203 1154 2282 qni,
1169 2204 1197 2263 si
1212 2210 1326 2283 pergat
1339 2204 1374 2265 in
1388 2204 1507 2265 studiis

299 2289 338 2344 vt
353 2284 449 2362 cepit,
466 2283 542 2345 talis
557 2304 712 2347 euasurus
728 2292 778 2347 est
795 2291 833 2347 vt
849 2304 916 2346 non
931 2284 1036 2346 solum
1051 2303 1111 2345 suo
1126 2284 1259 2365 collegio
1275 2304 1389 2347 verum
1404 2287 1506 2347 etiam

298 2366 363 2426 toti
377 2366 482 2444 patrie
496 2386 553 2428 sue
568 2367 671 2447 possit
684 2387 752 2429 esse
768 2386 886 2447 magno
900 2373 973 2428 tum
987 2367 1060 2428 vsui
1074 2371 1146 2427 tum
1161 2374 1361 2430 ornamento.
1400 2367 1507 2442 Quam

299 2448 386 2508 enim
402 2468 512 2509 rarum
528 2449 712 2529 exemplum
729 2455 780 2511 est
796 2451 957 2523 iuuenem,
976 2448 1171 2527 contemptis
1188 2447 1337 2510 omnibns
1355 2448 1507 2529 volupta-

254 2553 283 2604 55
298 2529 387 2591 tibus
399 2531 434 2592 in
446 2531 519 2610 quis
532 2532 590 2593 hec
602 2537 673 2592 etas
685 2532 769 2593 solet
779 2531 930 2604 insanire,
943 2537 1054 2592 noctes
1067 2537 1102 2591 et
1113 2530 1182 2591 dies
1194 2531 1315 2591 versari
1325 2532 1361 2592 in
1374 2531 1508 2610 optimis

298 2612 478 2687 autoribus,
495 2631 554 2691 pro
567 2613 692 2692 puellis,
706 2612 1012 2693 compotationibus,
1027 2612 1107 2685 alea,
1122 2631 1229 2673 sacros
1248 2611 1375 2673 codices
1388 2612 1508 2673 habere

298 2692 475 2756 indeliciis.
507 2694 601 2756 Tales
611 2696 698 2757 enim
709 2701 839 2775 oportet
849 2714 918 2756 esse
928 2693 1111 2755 sacerdotes
1122 2693 1178 2772 qui
1189 2691 1363 2755 fidemnon
1373 2699 1508 2755 tantum

300 2782 418 2854 cogant
442 2778 622 2838 carceribus
646 2784 681 2838 et
704 2776 905 2850 fulminibus,
931 2774 988 2836 sed
1007 2776 1103 2835 iuxta
1123 2774 1211 2835 Petri
1231 2773 1414 2836 doctrinam
1435 2794 1506 2855 per-

298 2856 469 2931 suadeant,
493 2859 601 2936 parati
623 2857 755 2919 reddere
778 2859 938 2920 rationem
961 2858 1050 2917 omni
1072 2857 1228 2936 poscenti.
1273 2856 1404 2937 Alioqui
1427 2856 1508 2937 quid

254 2950 289 2998 60
300 2938 447 2999 intererit
464 2940 550 2999 inter
567 2939 767 3000 sacerdotem
785 2947 820 3001 et
837 2937 1020 3001 carnificem
1034 2943 1047 3000 l

341 3018 416 3079 Non
433 3020 492 3080 hec
509 3038 548 3080 eo
565 3020 706 3081 tendunt
724 3027 763 3082 vt
779 3019 930 3084 damnem
948 3020 1127 3082 necessaria
1143 3017 1262 3099 quibus
1279 3020 1509 3099 opprimuntur

300 3100 431 3160 heretici
449 3099 619 3179 deplorati,
637 3100 694 3162 sed
713 3108 752 3163 vt
768 3103 939 3165 ostendam
956 3101 1132 3164 imitandos
1149 3120 1217 3162 esse
1235 3101 1337 3162 bonos
1354 3101 1508 3176 medicos,

300 3181 357 3260 qui
368 3200 433 3241 non
444 3181 840 3246 acceduntadsectionem
851 3191 887 3247 et
897 3186 1058 3246 rationem
1068 3184 1130 3245 nisi
1140 3184 1230 3262 prius
1239 3183 1361 3244 frustra
1369 3184 1510 3245 tentatis

301 3262 450 3323 omnibus
467 3264 625 3325 remediis.
665 3264 803 3328 Proinde
823 3273 861 3329 vt
878 3266 991 3328 demus
1009 3266 1096 3328 hunc
1113 3266 1264 3327 iuuenem
1281 3263 1391 3344 aliquo
1409 3264 1510 3326 modo

255 3358 285 3419 65
299 3343 398 3403 fuisse
415 3343 561 3406 afflatum
578 3346 639 3408 hoc
656 3346 776 3409 affectu
792 3350 849 3429 qui
864 3368 952 3410 nunc
967 3348 1034 3410 fere
1050 3348 1153 3410 totius
1170 3345 1256 3409 orbis
1273 3347 1397 3408 animos
1413 3366 1508 3411 oecu-

301 3426 404 3504 pauit,
425 3426 459 3486 id
478 3427 567 3507 qnod
585 3448 645 3508 ego
664 3449 730 3491 non
749 3429 898 3504 arbitror,
918 3436 1030 3491 tamen
1048 3430 1091 3490 ad
1110 3429 1294 3508 exemplum
1312 3427 1433 3491 Christi
1450 3430 1510 3509 qui

301 3505 453 3567 baculum
475 3508 616 3570 fractum
638 3529 705 3573 non
728 3513 920 3574 comminuit
942 3532 1001 3573 nec
1023 3511 1127 3572 linum
1149 3511 1311 3590 fumigans
1333 3511 1508 3591 extinguit,

300 3589 474 3667 oportebat
506 3611 580 3652 cum
614 3594 702 3653 omni
736 3593 983 3656 mansuetudine
1017 3592 1138 3654 mederi
1171 3592 1347 3672 morboque
1380 3591 1509 3654 lenibus

299 3671 448 3733 remediis
467 3692 640 3749 occurrere,
660 3681 695 3737 et
712 3676 740 3736 si
758 3675 838 3756 quid
855 3676 972 3738 fuisset
989 3695 1010 3736 a
1027 3676 1143 3736 iuuene
1161 3674 1286 3736 factum
1305 3680 1364 3734 aut
1382 3673 1508 3736 dictum

256 3753 540 3834 70incogitantius,
567 3758 701 3837 egregiis
728 3756 815 3819 illius
846 3758 978 3819 dotibus
1009 3775 1219 3835 summaeque
1250 3756 1412 3816 virtutum
1439 3756 1509 3836 spei

299 3835 491 3901 condonare.
531 3838 626 3902 Nunc
644 3839 778 3920 quidam
796 3839 872 3901 odio
890 3839 1060 3919 precipites
1078 3837 1178 3899 etiam
1195 3837 1252 3898 illa
1268 3837 1510 3901 calumniantur

300 3938 364 3998 que
382 3920 438 3998 pia
455 3927 543 3995 sunt,
562 3923 628 3983 imo
647 3923 825 3984 hereticum
843 3928 965 3983 vocant
983 3918 1138 4001 quicquid
1156 3919 1243 3997 sapit
1261 3917 1362 3979 bonas
1380 3918 1509 3981 litteras

300 4020 338 4061 ac
362 4002 544 4079 politiorem
568 4003 760 4066 doctrinam.
806 4004 873 4066 Nec
896 4003 1026 4066 interim
1049 4002 1163 4081 legunt
1185 4019 1224 4061 ea
1246 4019 1309 4080 que
1337 4000 1507 4064 damnant.

300 4081 466 4160 Siquidem
484 4083 581 4144 audio
598 4087 769 4147 canonicos
785 4086 905 4165 isto<s>
923 4087 958 4149 in
975 4104 1083 4148 meum
1101 4102 1230 4164 quoque
1247 4101 1365 4143 nomen
1378 4089 1509 4145 strenue

256 4185 285 4238 75
300 4161 516 4224 debacchatus
545 4184 623 4238 esse,
654 4166 859 4229 clamitantes
889 4169 1060 4229 Erasmum
1090 4184 1158 4226 esse
1187 4163 1409 4226 Luteranum:
1451 4164 1508 4244 qui

301 4261 418 4321 magno
438 4244 554 4322 capitis
574 4248 625 4306 sui
645 4249 787 4327 periculo
806 4257 932 4329 pugnat
951 4250 1107 4311 aduersus
1128 4246 1305 4318 Laterum;
1337 4264 1437 4325 quem
1457 4251 1510 4307 tot

301 4322 484 4397 Pontifices,
503 4344 601 4404 quem
619 4327 725 4401 Cesar,
745 4329 978 4403 Ferdinandus,
998 4330 1070 4392 Rex
1084 4327 1271 4400 Galliarum,
1292 4326 1363 4388 Rex
1382 4327 1507 4409 Anglio,

301 4422 397 4482 quem
418 4410 471 4466 tot
489 4404 726 4486 Card<inales>,
745 4412 895 4489 precipue
912 4410 1114 4491 compagine,
1132 4410 1231 4470 toties
1249 4408 1426 4488 dignantur
1441 4410 1509 4472 suis

300 4484 418 4547 litteris
446 4486 765 4552 honorificentissime
792 4492 930 4572 scriptis.
981 4491 1041 4553 His
1071 4491 1221 4553 omnibus
1249 4510 1350 4572 quum
1380 4490 1510 4553 abunde

256 4581 291 4629 so
300 4567 508 4645 satisfaciam,
523 4577 635 4635 tamen
647 4573 831 4636 istiusmodi
845 4575 950 4654 porcis
963 4592 1035 4635 sum
1049 4574 1220 4636 hereticus.

680 4701 720 4751 74.
739 4688 793 4739 isto
806 4689 941 4750 Erasmus,
955 4704 1001 4753 per
1015 4689 1126 4755 lapsana

336 4818 376 4869 35.
396 4807 495 4857 Hieron
543 4805 585 4867 ns]
598 4809 646 4859 See
658 4810 700 4861 his
712 4809 762 4876 Ep.
777 4812 818 4873 84
964 4825 1004 4877 77.
1023 4808 1113 4872 cased
1124 4811 1173 4875 Ep.
1189 4822 1260 4874 1270.

335 4885 382 4935 39.·
396 4871 494 4923 Paulus
520 4888 529 4923 1
545 4872 634 4925 Thess.
649 4889 671 4939 5.
685 4890 725 4927 21.
997 4872 1190 4935 Fordinandus]
1202 4875 1244 4938 Ep
1264 4912 1271 4925 .
1286 4888 1359 4938 1343,
1374 4888 1384 4925 r
1389 4886 1447 4940 505.

333 4952 376 5000 40.
395 4936 636 5003 deprehendenmt]
648 4956 681 4991 ec.
696 4942 816 4993 canonici
830 4942 878 4994 tui.
998 4943 1057 4993 Rex
1068 4936 1225 5001 Gallienam]
1281 4977 1287 4989 .
1304 4951 1375 5004 1375.

336 5005 376 5068 58.
397 5003 608 5069 Petri]1.3.15.
997 5007 1057 5057 Rex
1066 5003 1288 5071 Anglieffleellp.
1302 5009 1374 5071 1467.
1389 5008 1447 5057 rbn

334 5073 377 5121 66.
395 5067 554 5132 cariculas.
567 5071 616 5135 ap.
628 5084 686 5136 939.
702 5085 806 5137 rra-13.
965 5070 1005 5133 78.
1024 5066 1191 5136 Campeglus]
1203 5071 1270 5136 Epp.
1281 5082 1342 5134 995,
1355 5084 1428 5135 1542.
1535 5139 1539 5148 Ι
