3534 5984
338 678 378 737 ss
692 676 888 739 aurosus
910 677 966 739 oo
986 676 1187 740 uussuus
1449 680 1545 756 [1525

338 845 496 907 similibus
513 864 578 907 non
596 845 718 925 paucis.
757 844 850 908 Vnde
867 846 930 908 tibi
947 846 1154 908 vehementer
1171 846 1281 919 timeo,
1300 852 1336 908 et
1353 844 1542 927 praesertim

339 928 532 1008 quis-cum
543 927 605 989 viri
615 926 749 1007 quidam
758 947 825 990 non
834 928 959 991 indocti
972 947 1077 1008 neque
1090 927 1214 1008 stupidi
1228 934 1288 990 aut
1301 928 1443 1009 elingues
1458 949 1542 991 com·

340 1010 434 1090 plura
448 1015 579 1072 tuorum
593 1008 814 1090 redarguerint
832 1017 1037 1082 assertorum,
1052 1016 1092 1071 vt
1104 1008 1206 1072 lesus
1220 1017 1255 1074 et
1268 1009 1413 1085 Stunica,
1429 1016 1464 1071 et
1477 1030 1544 1074 non

341 1097 392 1154 est
411 1091 515 1153 simile
534 1111 611 1153 vero
631 1090 720 1171 quod
739 1092 796 1153 vbi
819 1112 859 1154 ue
879 1093 980 1172 gratis
1000 1092 1067 1155 sint
1085 1090 1224 1172 loquuti,
1244 1111 1358 1154 rerum
1378 1094 1412 1155 in
1432 1093 1545 1155 multis

282 1196 330 1235 100
343 1173 407 1251 (vel
427 1192 492 1235 nou
511 1174 617 1254 capio)
636 1175 720 1236 iuste
734 1180 769 1236 et
838 1193 959 1246 rem-,
973 1192 1134 1253 nusquam
1153 1179 1274 1249 tamen,
1293 1173 1383 1254 quod
1397 1175 1544 1248 viderim,

341 1256 454 1318 fateris
475 1260 509 1317 te
530 1255 722 1318 dormitasse
743 1262 889 1319 autnon
911 1261 1094 1317 assecutum
1138 1253 1205 1317 uod
1226 1256 1420 1336 oportebat:
1454 1255 1544 1337 quod

342 1357 442 1419 quam
456 1338 500 1400 sit
514 1337 554 1400 de
569 1337 664 1418 culpa
678 1344 875 1418 suspectum,
890 1356 999 1399 sacrae
1013 1356 1079 1399 non
1093 1275 1190 1399 silent
1202 1336 1325 1400 literae.

383 1419 503 1482 Itidem
518 1419 607 1482 etde
621 1419 684 1482 illis
698 1419 842 1482 articulis
857 1425 989 1500 propter
1003 1438 1085 1499 quos
1099 1418 1178 1481 haec
1193 1420 1259 1480 iam
1274 1438 1371 1481 causa
1385 1418 1545 1482 scribendi

343 1503 502 1582 prouenit,
521 1502 670 1582 displicet
686 1501 776 1575 mihi,
793 1500 895 1564 frater
912 1502 1142 1576 amentissime,
1159 1521 1215 1563 eos
1231 1502 1289 1581 qui
1305 1508 1414 1564 tecum
1431 1509 1545 1583 egunt,

284 1605 329 1658 105
343 1605 395 1647 me
407 1602 536 1665 quoque
548 1585 576 1645 si
588 1583 719 1663 quando
731 1583 859 1657 accidit,
873 1588 907 1645 te
918 1583 1019 1645 stiam
1031 1590 1066 1645 ct
1077 1582 1240 1663 quoslibet
1251 1585 1285 1645 in
1297 1583 1392 1645 rebus
1404 1585 1546 1646 maxime

343 1666 442 1728 sacris
458 1666 601 1746 asperius
618 1664 764 1739 scribere,
783 1671 980 1745 arroganter,
999 1666 1152 1739 animose,
1170 1672 1286 1745 spreto,
1306 1671 1365 1727 aut
1382 1666 1545 1739 conuiciis,

343 1767 428 1829 quse
450 1747 493 1809 ad
515 1767 584 1809 rem
605 1766 671 1810 non
693 1746 828 1821 iaciunt,
852 1762 965 1809 venum
988 1748 1098 1828 potius
1120 1746 1269 1810 inficiunt
1291 1746 1379 1827 quod
1401 1747 1546 1828 alioquin

401 1830 467 1892 tius
496 1834 633 1909 saperet.
685 1829 845 1903 Quoniam
873 1835 984 1891 tamur
1013 1830 1071 1909 qui
1099 1830 1145 1891 sic
1173 1829 1260 1892 disco
1283 1836 1367 1904 taut,
1398 1830 1547 1892 veritatis

367 1910 562 2007 siensiouem
574 1910 738 2007 sibitpure,
752 1916 791 1971 vt
803 1912 988 2009 opinantur,
1002 1918 1164 1985 statuunt,
1178 1917 1213 1975 et
1224 1848 1378 1974 feditatis
1390 1912 1465 1975 odic
1478 1931 1547 2010 sese

345 1991 1548 2155 „inlin‘lffisl'lmduldl‘sqpltl‘iiffliim

346 2155 572 2235 Paraphrasim
585 2161 695 2217 actum
707 2162 768 2230 est,
780 2157 815 2218 in
828 2156 900 2218 aliis
912 2156 1069 2219 consimili
1080 2157 1189 2220 studio
1201 2157 1347 2231 efficiam,
1361 2164 1396 2220 et
1430 2178 1547 2220 rasser-

345 2239 407 2301 tim
425 2238 460 2299 in
477 2237 762 2312 Annotationibus,
781 2245 817 2302 et
834 2239 939 2302 amico
956 2239 1050 2302 nobis
1067 2240 1240 2313 communi,
1260 2240 1391 2302 domiuo
1457 2239 1548 2302 raldo

348 2322 451 2399 (cuius
468 2338 546 2381 cura
563 2320 606 2380 ad
623 2338 675 2381 me
692 2339 776 2400 quae
793 2321 923 2401 scripsit
939 2327 999 2383 tua
1016 2321 1166 2395 charitas,
1185 2324 1371 2401 peruenere)
1389 2321 1549 2403 significas

287 2424 333 2478 115
347 2404 450 2484 magis
462 2401 638 2482 premenda
650 2421 719 2463 esse
732 2421 816 2482 quae
829 2402 896 2465 iere
909 2404 1003 2483 quasi
1017 2403 1060 2465 ad
1073 2405 1197 2466 incerta
1210 2403 1405 2485 respondens
1419 2405 1547 2478 misisti,

347 2486 376 2547 si
390 2485 471 2547 nihil
485 2485 564 2546 visis
578 2503 636 2565 per
650 2489 684 2546 te
699 2484 863 2547 adiectum
878 2504 936 2564 per
950 2505 1002 2547 me
1016 2484 1110 2559 foret,
1127 2486 1215 2547 omui
1230 2492 1309 2548 voto
1324 2485 1440 2547 vellem
1455 2485 1549 2547 duret

347 2567 506 2711 Dorfplinus
527 2572 567 2629 vt
587 2572 702 2629 mutuo
723 2566 787 2628 irui
808 2586 974 2648 possemus
995 2566 1175 2647 colloqui03
1210 2587 1303 2648 spero
1324 2568 1410 2633 enim
1431 2567 1493 2630 tibi
1514 2567 1548 2628 id

369 2669 406 2713 ro
443 2657 563 2712 turum.

346 2669 370 2730 p
388 2730 564 2804 Annotaui,
597 2737 674 2793 tuae
706 2730 860 2794 charitati
892 2730 1056 2806 confiteor,
1089 2731 1199 2811 aliqua
1229 2731 1264 2793 iu
1297 2730 1551 2812 Paraphrasibus

289 2838 337 2878 120
347 2812 517 2887 Matthaei,
535 2811 667 2874 Ioannis
682 2819 717 2874 et
733 2812 953 2893 Epistularum
969 2812 1237 2894 Apostolicamm,
1255 2813 1368 2876 habita
1384 2814 1551 2876 occasione

348 2914 448 2975 quam
465 2894 557 2956 dedit
574 2913 632 2974 per
648 2895 721 2974 piae
738 2897 911 2958 memoriae
929 2895 1057 2959 Deloini
1080 2894 1235 2976 praesidis
1258 2914 1389 2975 operam
1412 2895 1551 2958 Senatus

351 2977 588 3055 Paris<iensis>,
604 2994 688 3056 quae
701 2996 767 3038 uon
781 2976 883 3057 probo
897 2996 905 3039 :
930 2978 965 3040 in
979 2977 1253 3040 Annotatiouibus
1267 2996 1344 3039 vero
1357 2976 1447 3051 nihil,
1462 2976 1551 3057 quod

350 3059 430 3122 alios
448 3078 505 3138 per
521 3076 576 3119 sas
593 3058 746 3119 transisse
763 3058 917 3121 viderem.
955 3060 1125 3123 Caeterum
1141 3060 1176 3121 in
1193 3059 1264 3139 ipsa
1281 3078 1339 3139 per
1355 3079 1407 3120 mc
1424 3059 1552 3140 signata

349 3140 429 3202 nihil
442 3158 571 3220 prorsus
583 3140 706 3219 scripsi,
719 3139 777 3201 sed
789 3141 877 3221 apud
890 3160 942 3203 me
955 3161 1064 3222 pressa
1076 3149 1211 3203 manent
1222 3142 1256 3202 in
1269 3140 1428 3203 schedulis
1439 3140 1529 3202 nuda
1543 3160 1551 3215 ;

290 3248 335 3301 1²5
350 3222 411 3283 hoc
425 3221 570 3283 estnihil
584 3222 619 3283 in
633 3220 890 3285 confutationem
903 3226 1033 3304 penitus
1047 3224 1169 3304 scripsi,
1184 3222 1241 3285 sed
1255 3242 1360 3302 neque
1373 3222 1408 3284 id
1422 3222 1553 3304 aggredi

350 3303 429 3365 mihi
444 3303 610 3383 hucusque
624 3302 733 3365 iuerat
748 3306 973 3368 coustitutum.
1010 3305 1154 3368 Tantum
1169 3307 1313 3385 excerpsi
1328 3325 1385 3386 per
1400 3305 1553 3367 articulos

350 3404 434 3466 quse
448 3385 625 3448 mouebant
638 3405 645 3446 :
669 3405 751 3466 quos
768 3386 811 3446 ad
827 3391 861 3448 te
878 3407 964 3449 nuuc
978 3388 1198 3451 transmittere
1214 3386 1451 3449 infructuosum
1467 3387 1553 3449 foret

350 3468 491 3530 omnino.
525 3466 694 3529 Caeterum
708 3468 736 3529 si
748 3468 884 3549 posthac
896 3468 1040 3531 eiusdem
1052 3469 1175 3533 domini
1188 3468 1317 3531 Beraldi
1329 3476 1365 3532 et
1376 3470 1552 3532 amicorum

350 3550 482 3611 consilio
497 3549 577 3611 mihi
593 3557 794 3630 compertum
809 3550 910 3614 fuerit
924 3551 1074 3632 expedim
1089 3550 1165 3613 fidei
1180 3552 1313 3632 negocio
1329 3558 1368 3614 vt
1382 3551 1553 3614 nonnullas

291 3661 339 3711 13ο
351 3631 500 3694 adiiciam
519 3631 737 3712 probationes,
758 3638 793 3694 et
812 3632 855 3694 ad
875 3634 936 3695 hoc
951 3633 1113 3696 adiuuerit
1126 3633 1296 3709 Dominus,
1310 3633 1415 3697 lacero
1428 3639 1552 3714 potero.

352 3713 446 3788 Quod
464 3715 492 3776 si
510 3714 631 3777 Diuina
648 3714 807 3781 concedat
824 3716 940 3795 pietas,
959 3735 1032 3778 cam
1051 3735 1196 3798 propono
1215 3735 1342 3779 seruare
1361 3715 1553 3778 modestiam

373 3815 435 3858 uae
447 3816 556 3859 senem
568 3796 663 3859 decet
674 3796 875 3860 sacerdotem
888 3799 945 3878 qui
957 3798 1019 3860 Dei
1031 3798 1221 3861 reformidat
1233 3798 1362 3872 iudicia,
1376 3804 1411 3861 et
1423 3815 1554 3878 operam

351 3816 447 3953 dabo,
459 3879 654 3960 quodinme
663 3877 921 3961 fuerit,vtprius
931 3887 970 3942 tu
980 3881 1135 3943 iudicium
1144 3879 1229 3944 ieras
1239 3900 1340 3961 quam
1350 3881 1553 3943 emittantur.

351 3960 385 4024 Si
410 3969 522 4025 tamen
551 3962 669 4024 nostris
699 3961 831 4024 credens
860 3962 1001 4024 consiliis
1031 3970 1069 4025 tu
1095 3964 1164 4044 ipse
1190 3963 1297 4025 minus
1323 3969 1410 4025 recte
1434 3963 1555 4044 scripta

291 4070 335 4123 135
351 4050 552 4116 retractares,
561 4045 704 4106 maximo
744 4044 852 4106 rstibi
863 4045 1169 4125 congratularemur,
1181 4045 1414 4109 etDeonostro
1423 4045 1554 4126 gratiss,

350 4124 439 4205 quod
449 4145 509 4188 nos
519 4125 686 4205 illoperte
710 4125 943 4201 asceleuassst,
955 4146 1130 4208 ageremus.

385 4303 427 4354 97.
445 4291 588 4355 quidemfi.
656 4290 698 4352 98.
716 4292 807 4343 leusfl.
880 4288 1287 4356 103-4p10us11it101lb011dis.
1357 4288 1557 4346 meminsse,

352 4361 440 4421 spreta
456 4374 490 4406 a:
516 4357 607 4407 animo
622 4360 783 4421 suspected.
887 4370 942 4419 113.
962 4356 994 4408 D.
1013 4354 1177 4408 Beroaldofl.
1280 4366 1335 4416 114
1353 4355 1429 4405 ouius
1444 4367 1508 4403 cura
1522 4369 1556 4401 a:

352 4421 436 4472 cuiuis
447 4436 538 4472 curam
550 4425 575 4474 β.
644 4437 713 4486 quae
728 4423 874 4488 scripsito:
892 4422 1082 4488 musoripsitfi.
1150 4420 1286 4486 peruenire
1296 4423 1321 4473 β.
1420 4420 1474 4469 116.
1494 4418 1558 4468 visis

354 4504 387 4537 αι
406 4487 493 4537 risum
505 4488 531 4541 Β.
598 4487 652 4538 118.
672 4487 842 4554 profuturum
855 4504 889 4540 a:
907 4487 1105 4555 propositurum
1117 4486 1144 4539 Β.
1213 4499 1267 4537 120.
1287 4485 1420 4537 habitae:
1440 4489 1521 4536 nacta
1530 4486 1556 4536 6.

355 4566 409 4603 121.
429 4552 578 4607 Deloiniill.
647 4553 867 4619 praesidum.
939 4567 994 4604 122.
1013 4552 1136 4603 Parim:
1154 4554 1236 4616 pers.
1317 4565 1371 4615 ¹23·
1390 4551 1515 4603 transisse
1526 4567 1557 4600 c:

353 4618 498 4670 tdsissefl.
568 4620 670 4684 ipssa:
691 4620 842 4686 epistolad.
949 4629 1002 4682 125.
1021 4617 1276 4669 conlutationemu:
1294 4618 1515 4670 consultationem
1531 4618 1557 4670 β.

356 4695 411 4746 127.
431 4698 498 4748 quos
512 4701 546 4735 11:
572 4683 645 4749 quod
660 4686 686 4738 β.
798 4697 853 4746 13ο.
873 4683 1007 4735 adiuuerit
1021 4701 1055 4735 o:
1082 4682 1183 4734 munst
1197 4684 1224 4737 Β.
1331 4698 1387 4748 133.
1406 4684 1557 4750 tupriusll.

356 4762 412 4812 134
430 4749 539 4800 credens
549 4767 582 4800 a:
604 4749 687 4800 fidens
698 4751 724 4803 β.
878 4761 932 4812 135.
953 4750 1148 4816 maximoopere
1164 4750 1190 4803 β.
1276 4749 1515 4816 conglatularemur
1531 4750 1557 4800 β.

357 4816 412 4878 136.
430 4819 565 4881 perles:
589 4817 706 4881 partes.

387 4994 430 5044 99.
448 4978 542 5047 gratis]
562 4982 632 5033 Here
651 4981 705 5031 aud
724 4981 752 5032 in
770 4979 787 5030 Ι.
812 4981 933 5098 17311111
985 4978 1117 5032 ‘without
1130 4978 1290 5031 foundation
1298 4978 1314 5030 ’.

354 5046 428 5098 word
446 5062 559 5113 appears
579 5052 609 5099 to
627 5062 706 5098 mean
726 5044 774 5096 ‘at
792 5060 841 5098 rau
861 5048 933 5108 om’,
1020 5049 1075 5111 136.
1093 5043 1228 5107 lesos10i.
1242 5046 1317 5110 Verg.
1331 5043 1386 5097 dcl.
1397 5056 1423 5105 9.
1435 5045 1478 5106 65.
