3534 5984
370 686 434 749 sse
730 684 1227 750 nrrrnssorssssuus
1495 688 1601 769 [1526

370 852 563 925 doctrinam,
574 870 648 914 cum
657 853 744 914 inter
753 871 828 913 sues
837 852 1044 933 potissimum
1053 857 1189 931 regnent
1197 857 1234 912 et
1242 853 1408 914 meramin
1419 855 1597 917 coenobiis

370 933 577 1014 tyrannidem
596 941 777 1007 exerceant,
797 934 879 996 nihil
896 933 975 996 foris
993 934 1194 996 intentatum
1212 934 1427 1032 inausumque
1447 936 1594 1016 reli(n>-

370 1021 487 1095 quunt,
507 1034 574 1095 quo
592 1015 653 1078 soli
670 1016 845 1078 videantur
862 1034 975 1096 sapere
993 1022 1029 1077 et
1046 1016 1191 1077 omnium
1210 1034 1245 1077 se
1264 1017 1403 1096 negociis
1420 1017 1592 1098 ingerant.

371 1096 517 1158 Illustres
545 1117 583 1159 ac
607 1097 731 1159 nobiles
758 1117 906 1178 quasque
931 1097 1090 1159 foeminas
1116 1096 1178 1158 sub
1205 1104 1379 1177 praetextu
1405 1100 1591 1163 sanctimo-

310 1200 355 1254 ιις
370 1179 444 1241 niae
465 1186 611 1259 captent,
633 1180 862 1259 persuadentes
882 1178 946 1241 illis
966 1198 1033 1240 non
1056 1180 1137 1240 satis
1159 1181 1327 1241 exonerari
1350 1182 1590 1244 censcientiam

370 1261 605 1342 criminumque
631 1263 790 1324 sarcinam
818 1262 951 1322 omnino
979 1260 1107 1341 deponi,
1135 1262 1169 1321 ni
1202 1260 1246 1322 ad
1277 1279 1383 1341 genua
1413 1263 1590 1343 sophistae

370 1344 522 1405 monachi
536 1343 729 1423 procidant;
750 1341 856 1404 nullos
875 1342 955 1403 ulios
974 1342 1206 1405 contendentes
1225 1344 1471 1405 commissorum
1489 1364 1590 1408 nosse

370 1424 598 1568 mmmm
628 1432 664 1488 et
695 1424 873 1505 qualitates
905 1426 968 1486 nisi
1000 1426 1057 1505 qui
1089 1424 1283 1506 syllogismis
1315 1426 1426 1488 norint
1458 1428 1592 1490 irretire

462 1526 524 1569 em.

309 1608 359 1650 rso
412 1588 499 1664 Quid
510 1591 545 1650 in
557 1608 592 1651 re
605 1588 779 1650 manifesta
792 1607 901 1649 meror
914 1592 928 1649 i
972 1586 1089 1651 Nullus
1102 1607 1123 1650 a
1135 1588 1193 1649 vili
1206 1588 1342 1650 cerdone
1355 1589 1399 1650 ad
1410 1588 1587 1653 Gaesarem

370 1690 472 1752 usque
486 1672 567 1733 satis
581 1670 669 1751 apud
682 1671 742 1732 hos
755 1669 956 1732 Obrisdanus
969 1670 1117 1742 habetur,
1132 1671 1160 1731 si
1173 1670 1384 1750 spiritualem,
1395 1679 1435 1732 vt
1449 1680 1585 1746 vocant,

368 1752 1471 1915 tntpttdtltl⁰le⁰ttt⁰ltttdltbntbttt
1490 1753 1586 1898 iit

368 1915 492 1996 pudore
503 1923 643 1978 tentata.
677 1916 732 1979 Nil
743 1916 843 1996 igitur
854 1881 979 1976 mireris
990 1917 1017 1976 si
1029 1922 1063 1976 te
1076 1915 1259 1977 huiusmodi
1271 1922 1419 1979 monstra
1429 1918 1584 1992 oderunt,

368 1996 1585 2160 russurrensis{thurismundum

368 2162 435 2223 aas
452 2160 517 2222 uus
536 2162 625 2223 esen
644 2163 828 2246 nuere-ms
846 2161 927 2235 orbi,
949 2125 1109 2241 qimam
1128 2160 1366 2224 immortalibus
1384 2163 1464 2224 exis
1484 2183 1584 2226 vem

368 2244 547 2323 sapientiae
564 2243 726 2341 studiosos
743 2244 950 2342 retardas-int,
970 2249 1130 2324 quantum
1149 2242 1379 2342 Euangelicsm
1395 2243 1582 2343 doctrinam

306 2429 356 2481 130
367 2324 953 2488 «iixcipplbntzsftagld¹:1¹anbs‘s’tilribiedrlilietrilblit
981 2324 1582 2489 ·,‡ss0⁸sstfflfflffifffffififfl

368 2487 452 2551 Orco
482 2489 677 2564 deuouesnt,
709 2496 835 2570 quanto
865 2490 1008 2569 negocio,
1041 2507 1107 2569 qua
1138 2508 1225 2562 cura,
1257 2489 1376 2570 quibus
1405 2489 1582 2555 sudoribus

368 2580 536 2651 magnates
548 2579 584 2634 et
596 2591 740 2633 summos
753 2573 972 2652 magistratus,
987 2572 1153 2651 episcopos
1168 2573 1248 2651 quin
1260 2573 1361 2634 etiam
1374 2574 1461 2652 ipsos
1475 2572 1582 2636 sulici-

366 2659 449 2795 terit,
465 2661 504 2715 vt
517 2654 654 2716 distrshi
669 2653 886 2751 aubibliopolis
900 2653 1066 2796 {holumgna
1079 2653 1356 2797 trtraabpplqhibesnt.
1571 2740 1578 2753 ι

306 2839 353 2894 1„
366 2754 1188 2898 rue⁸0¹ssi¹¹2ul‘il¹l¹li⁸3ndl”isgoil¹pellere
1208 2755 1581 2899 {dimmiwll

367 2897 502 2960 ermo
526 2907 711 2973 vetuerunt,
735 2900 840 2961 minas
862 2899 1068 2962 intendentes
1090 2901 1124 2962 in
1147 2919 1202 2962 eos
1226 2901 1283 2980 qui
1306 2900 1433 2961 Erasmi
1455 2904 1581 2981 scripta

366 2988 406 3041 vt
435 3000 550 3061 parum
582 2983 637 3061 pia
665 2981 913 3062 improbassent,
945 2983 979 3043 ni
1009 2982 1136 3062 publice
1167 2988 1338 3044 cantarent
1367 2981 1579 3062 palinodiam.

367 3061 439 3137 Qua
473 3063 721 3125 denunciatione
755 3064 893 3143 perculsi
927 3063 1225 3145 Erasmomastiges,
1260 3084 1300 3126 ne
1335 3071 1431 3125 tanta
1464 3084 1579 3128 eorum

365 3150 500 3224 temque
516 3145 583 3207 late
599 3152 715 3225 petens
736 3146 820 3207 dicio
840 3146 970 3225 penitus
990 3147 1245 3226 interciperetur,
1263 3145 1387 3208 nobiles
1406 3145 1578 3221 foeminas,

305 3249 354 3298 140
366 3225 455 3306 apud
466 3245 548 3305 quas
559 3227 641 3288 nihil
652 3245 718 3288 non
729 3247 770 3289 ex
782 3247 893 3289 eorum
906 3228 1041 3289 arbitrio
1053 3226 1163 3301 fiebat,
1176 3234 1288 3290 coetus
1299 3229 1399 3290 etiam
1411 3246 1578 3291 sacrarum

366 3308 527 3386 virginum
545 3328 583 3369 ae
602 3308 766 3383 coenobia,
785 3329 869 3390 quae
888 3311 1017 3371 suntin
1036 3309 1195 3389 Hispania
1210 3309 1472 3391 frequentissime
1488 3310 1578 3374 locu·

365 3387 616 3469 pletissimuque,
640 3392 777 3454 retinere
800 3391 853 3454 vel
874 3391 944 3453 sola
966 3398 1044 3454 sunt
1066 3393 1185 3465 eonati,
1210 3393 1298 3454 omni
1320 3393 1400 3454 nixu
1423 3400 1578 3455 canentes

365 3489 406 3532 ne
428 3471 567 3533 nominis
589 3472 818 3554 doctrinaeque
839 3480 917 3535 tuae
938 3473 1029 3535 fama
1049 3481 1235 3554 penetraret
1255 3474 1298 3535 sd
1319 3473 1401 3536 illas.
1445 3474 1578 3537 Norunt

232 3593 237 3600 -
364 3552 451 3615 enim
467 3554 548 3615 satis
564 3554 716 3618 cucullati
732 3557 877 3636 magistri
892 3576 934 3617 ex
949 3556 1108 3618 diametro
1125 3574 1268 3636 pugnare
1284 3557 1409 3618 monita
1424 3562 1485 3617 tua
1500 3576 1576 3618 cum

304 3656 350 3710 ης
364 3654 477 3697 corum
501 3635 708 3719 hypochrysi,
734 3637 916 3718 habereque
942 3637 1108 3700 volumina
1132 3646 1192 3699 tua
1217 3640 1305 3700 viam
1330 3636 1506 3700 facilimsm
1532 3638 1576 3700 ad

365 3717 602 3781 beatitudinem
624 3738 662 3781 ac
684 3719 845 3862 dopmatis
867 3719 987 3782 Christi
1007 3721 1256 3801 perceptionem,
1278 3739 1383 3800 neque
1404 3738 1499 3800 posse
1520 3739 1576 3783 coe

363 3801 522 3863 sustinere
544 3801 597 3863 vel
618 3801 706 3882 apud
742 3802 885 3863 oeminas
907 3803 1150 3875 authoritatem,
1174 3820 1274 3882 quam
1295 3802 1413 3864 sensim
1434 3802 1575 3882 linguae,

365 3881 476 3945 vultus
496 3882 675 3963 cucullique
693 3883 852 3944 lenocinio
871 3890 1077 3963 parauerant,
1098 3885 1126 3945 si
1144 3890 1205 3945 tua
1222 3884 1345 3964 scripta
1362 3902 1430 3945 non
1449 3886 1576 3965 suppri-

365 3972 530 4026 merentur
551 3984 733 4045 nomenque
757 3965 955 4027 obrueretur.
1000 3965 1118 4045 Itsque
1141 3966 1267 4027 dabant
1290 3985 1310 4026 o
1350 3984 1421 4027 ram
1443 3984 1575 4045 persua·

304 4066 352 4120 150
364 4045 478 4108 dendis
506 4046 655 4109 foeminis
683 4065 724 4109 ne
753 4065 940 4126 quenquam
969 4046 1181 4109 admitterent
1208 4047 1252 4109 ad
1281 4067 1319 4109 eo
1343 4048 1487 4127 equium,
1517 4050 1576 4128 qui
1650 4093 1654 4109 .

365 4126 536 4189 Erssmum
549 4129 657 4225 neseio
665 4148 768 4226 ‘que-m
781 4128 1001 4226 dogmatisten
1013 4131 1101 4206 (vtar
1114 4130 1235 4190 mitiori
1244 4129 1417 4208 vocabulo)
1427 4131 1574 4192 nomina·

363 4209 1131 4373 ”lltfftlffimlifflffll
1162 4312 1236 4353 ,um
1266 4294 1371 4355 c„
1399 4293 1576 4357 ‚neme
1615 4307 1620 4317 ·
1661 4300 1666 4316 .

364 4371 632 4451 prudentissimae
655 4373 826 4449 foeminae,
849 4374 1020 4437 confestim
1044 4376 1153 4455 magni
1177 4373 1301 4455 aliquid
1323 4374 1437 4438 afferre
1460 4382 1496 4437 te
1519 4396 1573 4438 su-

302 4475 348 4528 155
363 4453 506 4532 spicatas
520 4461 607 4529 sunt,
623 4456 711 4535 quod
727 4457 903 4519 monachos
920 4456 1005 4519 male
1020 4456 1177 4518 baberet:
1202 4458 1314 4537 itaque
1331 4457 1574 4521 euidentissime

362 4535 597 4614 conquirebant
616 4539 673 4617 qui
693 4537 864 4600 Erasmum
885 4538 1066 4601 clanculum
1085 4540 1363 4619 interpretaretur,
1384 4540 1441 4620 qui
1461 4558 1573 4602 mona·

361 4616 496 4678 chorum
520 4620 725 4681 stomachum
748 4620 917 4683 reuelnret.
965 4621 1180 4696 Quamobrem
1204 4620 1330 4683 factum
1354 4627 1405 4684 est
1429 4629 1468 4683 vt
1492 4622 1573 4684 dum

361 4700 511 4761 monachi
526 4708 560 4763 te
574 4700 762 4765 subuertere
777 4703 1006 4766 machinantur
1019 4710 1143 4782 tueque
1158 4704 1279 4783 scripta
1293 4704 1426 4784 perdere
1441 4710 1572 4783 parant,

361 4782 512 4845 omnibus
524 4790 558 4845 te
571 4784 776 4846 notissimum
790 4785 991 4849 reddiderint
1004 4805 1012 4860 ;
1046 4786 1128 4847 adeo
1141 4791 1180 4847 vt
1192 4787 1249 4865 qui
1263 4785 1378 4848 Latine
1392 4786 1445 4847 vel
1457 4785 1571 4865 pculu·

399 4936 453 4988 ¹25·
471 4923 612 4988 detegeris]
624 4921 755 4974 Soinrrs.
991 4927 1065 4985 citor,
1080 4941 1116 4976 cn
1127 4921 1217 4977 behalf
1231 4924 1260 4977 ol
1273 4924 1400 4978 Erasmus
1413 4942 1457 4978 see
1470 4942 1496 4992 p.
1508 4939 1570 4992 471.

398 5001 488 5053 134-5.
505 4987 787 5054 summiiudiccs1For
800 4990 847 5043 the
859 4991 939 5042 inter·
1027 5004 1083 5056 151.
1101 4989 1290 5057 dogmatisten]
1308 4992 1348 5045 Of,
1366 4992 1416 5057 Ep.
1437 4994 1509 5056 1805.
1527 5005 1570 5054 94,

361 5054 471 5105 vention
487 5054 515 5105 ef
530 5055 677 5120 Maurique,
694 5071 725 5107 aa
740 5056 831 5107 Grsnd
847 5056 938 5122 luqui·
990 5068 1049 5121 344.
