3534 5984
378 712 440 775 386
735 709 928 773 LEITERS
950 709 1007 773 OF
1027 706 1227 772 ERASMUS
1491 702 1593 782 [1526

379 879 540 951 Irenaeus,
570 896 671 957 quum
700 896 787 939 nunc
816 875 994 939 Ptolemaei
1022 874 1154 957 quidam
1184 894 1225 937 ex
1253 871 1434 953 quamlibet
1461 870 1594 932 friuolis

331 968 364 1025 65
377 961 481 1039 nugis,
506 960 679 1022 haereseon
702 965 737 1020 et
759 958 971 1020 schismatum
994 958 1138 1020 excitent
1161 956 1366 1017 calumniam.
1412 952 1476 1017 sed
1500 952 1592 1015 vnde

377 1042 510 1121 pietatis
519 1040 605 1103 illius
616 1040 734 1102 certius
745 1046 972 1120 argumentum
983 1038 1143 1119 proferam
1154 1056 1253 1118 quam
1266 1036 1417 1115 exipsius
1428 1034 1561 1114 scriptis
1575 1039 1590 1095 ‘l

401 1142 462 1265 uda?
480 1124 605 1202 spirant
623 1127 736 1203 pectus
755 1120 996 1203 Euangelicum,
1015 1126 1050 1184 et
1068 1121 1226 1200 martyrii,
1245 1125 1284 1180 vt
1300 1120 1350 1181 ita
1366 1116 1491 1197 loquar,
1512 1135 1590 1177 oan-

455 1210 538 1265 tum.

419 1284 518 1382 Nunc·
539 1285 580 1346 de
605 1285 754 1347 doctrina
778 1286 890 1381 paucis
916 1286 1033 1364 accipe.
1082 1283 1379 1381 Eloquentiaenec
1404 1278 1592 1342 studiosum

333 1385 368 1436 ⁷⁰
377 1372 592 1511 {sititis
582 1366 944 1529 ,mititte
944 1362 1430 1525 iistiblnigiffridmmit
1445 1362 1593 1537 ciiii

378 1530 458 1592 iacit
474 1532 544 1609 ipse
560 1531 715 1592 sermonis
732 1549 853 1603 cursus,
871 1530 907 1592 in
923 1530 1019 1591 rebus
1036 1535 1105 1591 tam
1123 1528 1260 1608 spinosis
1277 1545 1315 1588 ac
1333 1524 1501 1606 perplexis,
1521 1543 1591 1585 uno

378 1610 502 1673 fastidii
516 1611 628 1691 plenis,
639 1611 811 1685 dilucidus,
826 1611 969 1691 digestus
983 1629 1022 1673 ac
1034 1610 1096 1672 sibi
1110 1611 1282 1672 cohaerens
1296 1628 1304 1670 t
1329 1608 1392 1669 nisi
1404 1605 1494 1687 quod
1507 1605 1591 1667 milri

378 1692 524 1755 nondum
544 1694 623 1754 satis
642 1693 746 1772 liquet
766 1692 927 1755 Graecene
946 1693 1108 1772 scripserit
1128 1711 1171 1753 an
1191 1690 1317 1762 Latine,
1336 1688 1464 1752 etiamsi
1484 1687 1591 1767 magis

335 1787 365 1843 75
380 1773 519 1836 arbitror
528 1774 644 1836 latine
652 1775 825 1854 scripsisse,
836 1774 950 1837 Graeci
958 1781 1069 1837 tamen
1079 1773 1233 1835 sermonis
1242 1772 1436 1852 peritiorem.
1468 1769 1590 1849 Itaque

380 1855 489 1935 figuris
511 1854 640 1917 Graecis
660 1862 819 1935 tanquam
841 1875 901 1919 suo
921 1858 989 1918 iure
1012 1856 1159 1918 abutitur
1180 1854 1295 1916 Latine
1316 1852 1461 1933 loquens,
1484 1850 1590 1913 veluti

380 1936 483 1999 noceri
496 1955 555 2016 pro
569 1935 660 2009 laedi,
679 1936 953 2016 quemadmodum
972 1936 1085 1999 Graeci
1103 1937 1217 1999 dicunt
1235 1938 1437 2010 (ilementum
1467 1935 1588 2012 ἔχοντες.

379 2018 486 2080 idest
508 2017 659 2090 Mbnrtea,
684 2037 743 2098 pro
766 2020 920 2081 vabrum:
953 2020 1043 2081 ouius
1104 2019 1189 2080 neris
1213 2017 1338 2097 aliquot
1357 2015 1589 2077 annotauimus

380 2100 416 2161 in
433 2100 547 2178 spatiis
564 2101 756 2180 marginum,
774 2119 816 2161 ne
832 2100 935 2162 lector
952 2101 1013 2162 hiis
1031 2119 1051 2162 o
1076 2099 1255 2163 auderetur.
1295 2097 1389 2161 Certe
1405 2095 1588 2158 liberalium

335 2180 621 2260 todisciplinarum
645 2182 789 2243 omnium
813 2182 1042 2261 peritissimum
1065 2182 1163 2243 irrisae
1186 2185 1325 2243 constat.
1369 2177 1589 2240 Tertullianus

381 2262 467 2323 enim
484 2262 520 2323 in
536 2260 619 2323 libro
636 2282 734 2342 quem
751 2264 880 2343 scripsit
898 2263 1052 2325 aduersus
1070 2263 1323 2335 Valentinianos,
1341 2260 1487 2321 indicans
1504 2278 1588 2339 quos

380 2344 415 2405 in
427 2362 468 2404 eo
481 2361 576 2423 opere
589 2343 688 2406 luerit
699 2350 866 2424 sequutus,
881 2345 967 2407 hunc
980 2346 1015 2406 in
1029 2345 1161 2406 modum
1174 2343 1336 2424 loquitur:
1364 2342 1371 2368 ‘
1385 2341 1430 2403 Vt
1441 2340 1589 2402 Iustinus
1636 2387 1641 2397 .

380 2424 590 2505 philosophus
621 2431 657 2487 et
688 2433 823 2507 martyr,
856 2433 897 2489 vt
927 2426 1090 2489 Miltiades
1122 2425 1327 2487 ecoledamm
1359 2423 1514 2503 sophista,
1550 2429 1590 2485 vt

380 2504 532 2569 Irenaeus
559 2509 703 2568 omnium
730 2507 951 2570 doctrinamm
978 2509 1210 2571 curiosissimus
1236 2506 1421 2586 explorator
1434 2503 1452 2565 ’.
1503 2504 1592 2579 Quin

331 2596 365 2657 85
379 2593 415 2650 et
440 2587 598 2650 Eusebius
624 2589 836 2652 Caesariensis
861 2592 896 2651 in
921 2590 1076 2669 Catalogo
1100 2590 1294 2669 scriptorum
1318 2586 1504 2658 illustrium,
1532 2587 1592 2666 qui

379 2670 465 2730 circa
473 2670 594 2732 Soteris
602 2677 745 2733 aetatem
755 2671 932 2733 Ecclemm
942 2672 1003 2734 Dei
1011 2673 1083 2732 vita
1090 2671 1186 2732 simul
1195 2677 1230 2734 et
1237 2671 1365 2749 scriptis
1373 2668 1590 2741 illustrarunt,

379 2770 481 2830 quum
504 2759 640 2814 ventum
663 2759 714 2815 est
737 2753 779 2813 ad
803 2754 982 2826 irenaeum,
1006 2753 1096 2826 dicit,
1123 2753 1190 2814 ‘Et
1211 2753 1318 2832 praeci
1341 2770 1402 2811 uus
1425 2749 1590 2824 Irenaeus,

379 2852 517 2913 quorum
535 2835 679 2896 omnium
697 2834 739 2895 ad
756 2854 816 2896 nos
833 2834 1039 2976 Apostolicae
1056 2833 1130 2896 fidei
1148 2841 1182 2897 et
1199 2853 1297 2896 sanae
1314 2770 1480 2895 doctrinae
1497 2850 1590 2910 prae·

378 2914 555 2976 clarissima
575 2922 786 2977 monumenta
806 2923 933 2996 perata
953 2924 1030 2979 sunt
1044 2916 1062 2977 ’.
1106 2915 1231 2977 Eloruit
1252 2921 1361 2976 autem
1383 2913 1590 2993 potissimum

330 3017 366 3067 90
379 2995 547 3059 Commodi
560 2996 771 3077 temporibus.

419 3078 589 3140 Caeterum
599 3085 813 3158 posteaquam
823 3079 903 3140 ordo
913 3099 972 3140 nos
982 3078 1174 3142 vocatvtde
1182 3085 1252 3141 tam
1263 3076 1592 3158 egregiiviriscriptis

378 3157 501 3237 aliquid
519 3158 676 3232 dicamus,
695 3159 788 3220 dolor
805 3159 939 3239 quidam
957 3160 1047 3223 subit
1066 3162 1210 3222 animum
1229 3179 1348 3231 meum,
1368 3157 1457 3237 quod
1475 3177 1516 3219 ex
1536 3163 1592 3221 tot

377 3238 608 3301 laudatissimis
632 3242 849 3302 monumentis
873 3241 935 3303 hoo
959 3262 1041 3322 opus
1064 3241 1179 3315 solum,
1205 3247 1244 3303 vt
1267 3240 1407 3313 videtur,
1431 3241 1591 3303 remansit

376 3318 547 3381 incolume.
585 3320 720 3401 Scripsit
735 3322 822 3384 enim
837 3322 956 3384 librum
973 3323 1015 3383 ad
1032 3322 1181 3384 Blastum
1198 3323 1248 3384 De
1263 3323 1458 3393 schismate;
1487 3320 1590 3383 alium

330 3418 362 3475 95
377 3400 421 3462 ad
439 3399 614 3476 Florinum,
633 3402 859 3483 presbyterum
878 3403 921 3465 ab
939 3404 1083 3466 Ecclesia
1101 3404 1298 3485 prolapsum,
1320 3403 1369 3465 De
1390 3402 1589 3476 monarchia,

372 3483 446 3545 siue
466 3483 555 3563 quod
575 3483 664 3546 Deus
683 3504 749 3546 non
769 3486 815 3547 sit
834 3486 984 3548 eonditor
1003 3486 1172 3548 malorum.
1214 3485 1300 3548 Nam
1321 3484 1453 3546 Blastus
1473 3484 1589 3546 eodem

376 3583 483 3626 errore
505 3567 607 3627 teneri
631 3565 814 3640 videbatur,
839 3568 896 3647 qui
923 3569 1012 3647 prius
1040 3567 1209 3649 Polycarpi
1237 3566 1422 3647 disciprdus,
1451 3572 1526 3645 post
1554 3567 1590 3628 in

377 3644 535 3708 baeresim
564 3647 825 3710 Valentinianam
855 3649 1028 3712 deuolutus
1058 3656 1117 3712 est.
1169 3649 1305 3730 Scripsit
1333 3654 1444 3711 autem
1473 3652 1509 3708 et
1538 3646 1589 3709 De

377 3727 522 3807 ogdoade
538 3727 668 3803 librum,
687 3749 785 3810 quem
803 3731 920 3794 eximie
938 3730 1056 3812 probat
1073 3731 1169 3794 diuus
1187 3731 1415 3811 Hieronymus.
1455 3727 1518 3790 Hic
1537 3735 1589 3791 est

315 3826 365 3866 100
378 3810 431 3870 cui
445 3809 550 3871 affixit
565 3809 826 3874 obtestationem
840 3812 883 3873 ad
897 3813 1028 3887 scribas,
1046 3833 1145 3893 quam
1162 3819 1197 3875 et
1212 3833 1272 3875 nos
1288 3811 1495 3893 praefiximus
1511 3810 1588 3872 huic

377 3892 475 3969 operi.
509 3890 600 3955 Haec
611 3899 743 3957 tantum
755 3893 884 3957 viderat
897 3894 1064 3957 Eusebius.
1099 3895 1317 3975 Hieronymus
1328 3893 1422 3956 addit
1434 3891 1588 3955 volumen

376 3969 474 4034 breue
485 3972 606 4035 Contra
608 3982 737 4116 gentes,
749 3995 859 4038 rursus
870 3976 959 4037 aliud
970 3976 1019 4039 De
1030 3976 1200 4057 disciplina
1213 3997 1220 4049 ;
1243 3978 1323 4038 item
1335 3975 1378 4036 ad
1388 3975 1588 4037 Mattianum

375 4052 510 4115 fratrem
534 4053 585 4116 De

375 4140 589 4198 mactatuum.

541 4269 582 4331 78.
600 4271 681 4321 idest
692 4271 821 4324 habentes
831 4272 890 4323 odd.
903 4274 929 4327 β.
1111 4286 1151 4337 79.
1167 4272 1218 4324 hiis
1234 4289 1268 4323 a:
1293 4272 1327 4323 iis
1342 4270 1422 4322 laod.

638 4056 796 4135 postolica
820 4057 1080 4138 praedicatione;
1117 4058 1256 4137 denique
1278 4057 1398 4119 librum
1424 4057 1588 4118 variorum

411 4480 451 4545 24
470 4466 610 4545 Crescens]
625 4470 668 4537 By
679 4471 726 4524 ibe
739 4473 804 4525 time
816 4473 874 4526 Nic.
889 4473 949 4526 Cal·
1044 4476 1086 4528 80.
1103 4474 1292 4538 Tertullianus]
1300 4474 1360 4524 adn
1374 4471 1429 4523 Vol.
1439 4484 1462 4536 5.

375 4530 456 4610 lanus
475 4532 564 4611 adsted
584 4534 715 4597 Ιιοηιοω,
737 4537 851 4598 Cenem.
875 4553 949 4656 ιςέ),
1043 4542 1085 4605 85.
1103 4540 1242 4604 Eusebius]
1254 4538 1322 4591 Μ.
1334 4537 1405 4589 Hist.
1415 4551 1440 4600 4.
1453 4551 1494 4589 21.

375 4596 430 4677 tius
451 4603 574 4664 question
596 4600 650 4652 had
673 4601 739 4653 baeu
760 4603 865 4655 καὶαι
934 4622 950 4657 a
1047 4619 1101 4658 roo.
1121 4605 1343 4668 obtestationem]
1355 4604 1411 4655 The
1419 4602 1585 4657 well-known

434 4662 481 4714 ted
499 4677 571 4715 some
674 4672 734 4719 ente
752 4668 781 4719 oi
798 4669 844 4720 the
863 4669 949 4722 Greek
1009 4676 1133 4738 mussty
1151 4677 1181 4724 to
1200 4686 1255 4737 any
1273 4670 1377 4736 copyist
1398 4668 1447 4719 ‘rt
1466 4668 1585 4722 conteras

423 4728 556 4806 'vaduam
564 4730 634 4797 Epip
689 4733 746 4792 ‘us;
763 4733 948 4786 andreccrded
1089 4752 1152 4788 uam
1174 4736 1388 4800 transcripseris,
1411 4739 1440 4785 at
1461 4733 1584 4786 emendes

374 4792 402 4843 ¹1¹
429 4792 469 4844 m
495 4794 607 4860 rot-e.
635 4801 665 4847 to
692 4796 820 4856 ornus
848 4799 892 4866 ap.
921 4802 949 4852 01
1037 4802 1224 4854 annexam
1243 4799 1583 4865 mmcsmpmauu.

375 4857 493 4919 london,
513 4860 581 4911 irem
601 4860 716 4921 Genava,
737 4877 766 4928 31
788 4864 850 4917 lan.
874 4870 947 4931 1569,
1009 4869 1176 4934 gentissime:
1276 4883 1291 4918 o
1344 4881 1432 4931 uoqus
1466 4863 1582 4916 obtesta-

373 4923 435 4975 tbat
447 4941 464 4976 a
478 4941 536 4977 com
555 4926 607 4978 leta
621 4926 706 4980 Greek
719 4942 764 4982 rrs.
779 4947 833 4983 uas
846 4932 904 4983 said
917 4939 948 4983 to
1009 4935 1108 4986 donem
1120 4933 1240 4986 similiter
1336 4947 1402 4991 orn,
1415 4935 1447 4981 rt
1458 4930 1583 4981 inuenisti

372 4991 442 5070 exist
458 4992 487 5042 in
504 5009 522 5043 a
537 4941 672 5046 l'euetian
689 4993 790 5062 library
807 4995 882 5065 or2in
901 4998 948 5050 tbe
1008 5001 1037 5051 in
1050 4999 1195 5066 uamplari
1204 4999 1220 5050 ¹.
1254 4999 1318 5049 Itis
1333 4996 1439 5063 printed
1455 5011 1490 5046 on
1504 4994 1537 5045 l0.
1554 4996 1581 5046 ι’

373 5053 493 5108 vatican.
1009 5064 1349 5117 voefummursdnion
