<?xml version="1.0" encoding="UTF-8"?>
<!DOCTYPE html PUBLIC "-//W3C//DTD XHTML 1.0 Transitional//EN"
    "http://www.w3.org/TR/xhtml1/DTD/xhtml1-transitional.dtd">
<html xmlns="http://www.w3.org/1999/xhtml" xml:lang="en" lang="en">
 <head>
  <title>
</title>
<meta http-equiv="Content-Type" content="text/html;charset=utf-8" />
  <meta name='ocr-system' content='tesseract 3.04.00' />
  <meta name='ocr-capabilities' content='ocr_page ocr_carea ocr_par ocr_line ocrx_word'/>
</head>
<body>
  <div class='ocr_page' id='page_1' title='image "./opusepistolarum04garrgoog_0276.png"; bbox 0 0 3534 5984; ppageno 0'>
   <div class='ocr_carea' id='block_1_1' title="bbox 345 704 1552 787">
    <p class='ocr_par' dir='ltr' id='par_1_1' title="bbox 345 704 1552 787">
     <span class='ocr_line' id='line_1_1' title="bbox 345 704 1552 787; baseline 0.001 -17"><span class='ocrx_word' id='word_1_1' title='bbox 345 707 407 770; x_wconf 78' lang='lat'>238</span> <span class='ocrx_word' id='word_1_2' title='bbox 701 706 895 770; x_wconf 69' lang='lat' dir='ltr'>LETTERS</span> <span class='ocrx_word' id='word_1_3' title='bbox 917 705 973 769; x_wconf 84' lang='lat' dir='ltr'>OF</span> <span class='ocrx_word' id='word_1_4' title='bbox 994 704 1194 769; x_wconf 81' lang='lat' dir='ltr'>ERASMUS</span> <span class='ocrx_word' id='word_1_5' title='bbox 1457 709 1552 787; x_wconf 83' lang='lat'>[1525</span> 
     </span>
    </p>
   </div>
   <div class='ocr_carea' id='block_1_2' title="bbox 287 871 1554 3736">
    <p class='ocr_par' dir='ltr' id='par_1_2' title="bbox 346 871 1553 954">
     <span class='ocr_line' id='line_1_2' title="bbox 346 871 1553 954; baseline 0.002 -19"><span class='ocrx_word' id='word_1_6' title='bbox 346 872 435 947; x_wconf 86' lang='lat' dir='ltr'>sinit,</span> <span class='ocrx_word' id='word_1_7' title='bbox 451 880 491 935; x_wconf 85' lang='lat' dir='ltr'>vt</span> <span class='ocrx_word' id='word_1_8' title='bbox 505 873 587 935; x_wconf 86' lang='lat' dir='ltr'>talia</span> <span class='ocrx_word' id='word_1_9' title='bbox 601 873 721 954; x_wconf 89' lang='lat' dir='ltr'>probra</span> <span class='ocrx_word' id='word_1_10' title='bbox 735 892 777 935; x_wconf 90' lang='lat' dir='ltr'>ne</span> <span class='ocrx_word' id='word_1_11' title='bbox 792 891 903 934; x_wconf 90' lang='lat' dir='ltr'>sonrra</span> <span class='ocrx_word' id='word_1_12' title='bbox 917 871 1049 952; x_wconf 88' lang='lat' dir='ltr'>quidem</span> <span class='ocrx_word' id='word_1_13' title='bbox 1064 871 1245 934; x_wconf 86' lang='lat' dir='ltr'>leuissimus</span> <span class='ocrx_word' id='word_1_14' title='bbox 1261 872 1414 952; x_wconf 86' lang='lat' dir='ltr'>eogitare,</span> <span class='ocrx_word' id='word_1_15' title='bbox 1432 873 1553 937; x_wconf 91' lang='lat' dir='ltr'>nedum</span> 
     </span>
    </p>

    <p class='ocr_par' dir='ltr' id='par_1_3' title="bbox 301 952 1554 1364">
     <span class='ocr_line' id='line_1_3' title="bbox 301 952 1554 1036; baseline 0.002 -18"><span class='ocrx_word' id='word_1_16' title='bbox 301 955 477 1031; x_wconf 68' lang='lat' dir='ltr'>pinotere,</span> <span class='ocrx_word' id='word_1_17' title='bbox 499 956 622 1036; x_wconf 87' lang='lat' dir='ltr'>absque</span> <span class='ocrx_word' id='word_1_18' title='bbox 643 955 775 1018; x_wconf 87' lang='lat' dir='ltr'>erimine</span> <span class='ocrx_word' id='word_1_19' title='bbox 795 960 831 1018; x_wconf 91' lang='lat' dir='ltr'>et</span> <span class='ocrx_word' id='word_1_20' title='bbox 850 953 968 1017; x_wconf 82' lang='lat' dir='ltr'>rubore</span> <span class='ocrx_word' id='word_1_21' title='bbox 989 959 1108 1034; x_wconf 86' lang='lat' dir='ltr'>posset.</span> <span class='ocrx_word' id='word_1_22' title='bbox 1151 952 1244 1017; x_wconf 89' lang='lat' dir='ltr'>Vnde</span> <span class='ocrx_word' id='word_1_23' title='bbox 1264 952 1359 1016; x_wconf 74' lang='lat' dir='ltr'>facile</span> <span class='ocrx_word' id='word_1_24' title='bbox 1380 956 1554 1020; x_wconf 91' lang='lat' dir='ltr'>ooniioiens</span> 
     </span>
     <span class='ocr_line' id='line_1_4' title="bbox 346 1036 1554 1118; baseline 0.002 -19"><span class='ocrx_word' id='word_1_25' title='bbox 346 1037 452 1118; x_wconf 89' lang='lat' dir='ltr'>qualis</span> <span class='ocrx_word' id='word_1_26' title='bbox 462 1043 547 1099; x_wconf 90' lang='lat' dir='ltr'>esset</span> <span class='ocrx_word' id='word_1_27' title='bbox 556 1037 630 1100; x_wconf 86' lang='lat' dir='ltr'>fons</span> <span class='ocrx_word' id='word_1_28' title='bbox 640 1038 713 1110; x_wconf 90' lang='lat' dir='ltr'>iste,</span> <span class='ocrx_word' id='word_1_29' title='bbox 725 1056 767 1099; x_wconf 86' lang='lat' dir='ltr'>ex</span> <span class='ocrx_word' id='word_1_30' title='bbox 777 1055 844 1117; x_wconf 90' lang='lat' dir='ltr'>quo</span> <span class='ocrx_word' id='word_1_31' title='bbox 854 1042 951 1099; x_wconf 87' lang='lat' dir='ltr'>tante</span> <span class='ocrx_word' id='word_1_32' title='bbox 960 1036 1159 1098; x_wconf 89' lang='lat' dir='ltr'>insaniarum</span> <span class='ocrx_word' id='word_1_33' title='bbox 1170 1042 1206 1098; x_wconf 89' lang='lat' dir='ltr'>et</span> <span class='ocrx_word' id='word_1_34' title='bbox 1215 1036 1407 1117; x_wconf 87' lang='lat' dir='ltr'>probrorum</span> <span class='ocrx_word' id='word_1_35' title='bbox 1419 1036 1554 1102; x_wconf 90' lang='lat' dir='ltr'>flumina</span> 
     </span>
     <span class='ocr_line' id='line_1_5' title="bbox 346 1117 1554 1198; baseline 0.002 -17"><span class='ocrx_word' id='word_1_36' title='bbox 346 1125 526 1193; x_wconf 78' lang='lat' dir='ltr'>manarent,</span> <span class='ocrx_word' id='word_1_37' title='bbox 543 1117 707 1182; x_wconf 73' lang='lat' dir='ltr'><strong>edideram</strong></span> <span class='ocrx_word' id='word_1_38' title='bbox 725 1124 798 1180; x_wconf 90' lang='lat' dir='ltr'>tum</span> <span class='ocrx_word' id='word_1_39' title='bbox 810 1117 892 1180; x_wconf 88' lang='lat' dir='ltr'>illud</span> <span class='ocrx_word' id='word_1_40' title='bbox 906 1117 1017 1191; x_wconf 81' lang='lat' dir='ltr'>libelli,</span> <span class='ocrx_word' id='word_1_41' title='bbox 1034 1117 1193 1198; x_wconf 87' lang='lat' dir='ltr'>quidquid</span> <span class='ocrx_word' id='word_1_42' title='bbox 1208 1124 1289 1191; x_wconf 89' lang='lat' dir='ltr'>erat,</span> <span class='ocrx_word' id='word_1_43' title='bbox 1306 1120 1427 1198; x_wconf 90' lang='lat' dir='ltr'>partim</span> <span class='ocrx_word' id='word_1_44' title='bbox 1444 1120 1554 1184; x_wconf 90' lang='lat' dir='ltr'>dolore</span> 
     </span>
     <span class='ocr_line' id='line_1_6' title="bbox 347 1199 1552 1281; baseline 0.002 -18"><span class='ocrx_word' id='word_1_45' title='bbox 347 1207 465 1274; x_wconf 88' lang='lat' dir='ltr'>motus,</span> <span class='ocrx_word' id='word_1_46' title='bbox 502 1202 622 1281; x_wconf 83' lang='lat' dir='ltr'>partim</span> <span class='ocrx_word' id='word_1_47' title='bbox 659 1219 737 1263; x_wconf 85' lang='lat' dir='ltr'>vero</span> <span class='ocrx_word' id='word_1_48' title='bbox 772 1205 812 1262; x_wconf 87' lang='lat' dir='ltr'>vt</span> <span class='ocrx_word' id='word_1_49' title='bbox 840 1199 906 1262; x_wconf 88' lang='lat' dir='ltr'>illis</span> <span class='ocrx_word' id='word_1_50' title='bbox 936 1200 1120 1262; x_wconf 89' lang='lat' dir='ltr'>oeneoribus</span> <span class='ocrx_word' id='word_1_51' title='bbox 1151 1201 1231 1262; x_wconf 88' lang='lat' dir='ltr'>meis</span> <span class='ocrx_word' id='word_1_52' title='bbox 1262 1220 1298 1261; x_wconf 90' lang='lat' dir='ltr'>os</span> <span class='ocrx_word' id='word_1_53' title='bbox 1329 1200 1552 1276; x_wconf 89' lang='lat' dir='ltr'>obstruerem;</span> 
     </span>
     <span class='ocr_line' id='line_1_7' title="bbox 346 1281 1553 1364; baseline 0.002 -19"><span class='ocrx_word' id='word_1_54' title='bbox 346 1281 444 1363; x_wconf 90' lang='lat' dir='ltr'>idque</span> <span class='ocrx_word' id='word_1_55' title='bbox 462 1302 521 1362; x_wconf 92' lang='lat' dir='ltr'>pro</span> <span class='ocrx_word' id='word_1_56' title='bbox 538 1284 676 1345; x_wconf 84' lang='lat' dir='ltr'>velitum</span> <span class='ocrx_word' id='word_1_57' title='bbox 694 1282 858 1345; x_wconf 75' lang='lat' dir='ltr'><strong>duntaxat</strong></span> <span class='ocrx_word' id='word_1_58' title='bbox 875 1282 954 1355; x_wconf 87' lang='lat' dir='ltr'>aeie,</span> <span class='ocrx_word' id='word_1_59' title='bbox 972 1283 1134 1344; x_wconf 82' lang='lat' dir='ltr'>instruens</span> <span class='ocrx_word' id='word_1_60' title='bbox 1151 1282 1282 1345; x_wconf 85' lang='lat' dir='ltr'>interim</span> <span class='ocrx_word' id='word_1_61' title='bbox 1300 1283 1493 1364; x_wconf 74' lang='lat' dir='ltr'>phalangem</span> <span class='ocrx_word' id='word_1_62' title='bbox 1512 1307 1553 1348; x_wconf 83' lang='lat' dir='ltr'>ex</span> 
     </span>
    </p>

    <p class='ocr_par' dir='ltr' id='par_1_4' title="bbox 302 1362 1554 1773">
     <span class='ocr_line' id='line_1_8' title="bbox 302 1362 1552 1446; baseline 0.002 -20"><span class='ocrx_word' id='word_1_63' title='bbox 302 1387 332 1443; x_wconf 82' lang='lat'>75</span> <span class='ocrx_word' id='word_1_64' title='bbox 347 1364 586 1446; x_wconf 86' lang='lat' dir='ltr'>oethaphrattis</span> <span class='ocrx_word' id='word_1_65' title='bbox 611 1384 711 1446; x_wconf 90' lang='lat' dir='ltr'>qnam</span> <span class='ocrx_word' id='word_1_66' title='bbox 737 1383 874 1445; x_wconf 86' lang='lat' dir='ltr'>possem,</span> <span class='ocrx_word' id='word_1_67' title='bbox 901 1364 930 1426; x_wconf 89' lang='lat' dir='ltr'>ei</span> <span class='ocrx_word' id='word_1_68' title='bbox 956 1363 1035 1443; x_wconf 91' lang='lat' dir='ltr'>quid</span> <span class='ocrx_word' id='word_1_69' title='bbox 1059 1362 1114 1425; x_wconf 92' lang='lat' dir='ltr'>ille</span> <span class='ocrx_word' id='word_1_70' title='bbox 1139 1364 1269 1426; x_wconf 80' lang='lat' dir='ltr'>referire</span> <span class='ocrx_word' id='word_1_71' title='bbox 1295 1370 1431 1427; x_wconf 90' lang='lat' dir='ltr'>eonatus</span> <span class='ocrx_word' id='word_1_72' title='bbox 1456 1374 1552 1429; x_wconf 89' lang='lat' dir='ltr'>esset.</span> 
     </span>
     <span class='ocr_line' id='line_1_9' title="bbox 346 1445 1553 1527; baseline 0.002 -18"><span class='ocrx_word' id='word_1_73' title='bbox 346 1446 465 1512; x_wconf 89' lang='lat' dir='ltr'>Verum</span> <span class='ocrx_word' id='word_1_74' title='bbox 482 1465 557 1508; x_wconf 90' lang='lat' dir='ltr'>eum</span> <span class='ocrx_word' id='word_1_75' title='bbox 572 1467 631 1509; x_wconf 87' lang='lat' dir='ltr'>neo</span> <span class='ocrx_word' id='word_1_76' title='bbox 647 1453 722 1527; x_wconf 88' lang='lat' dir='ltr'>post</span> <span class='ocrx_word' id='word_1_77' title='bbox 738 1445 874 1509; x_wconf 87' lang='lat' dir='ltr'>alteram</span> <span class='ocrx_word' id='word_1_78' title='bbox 890 1446 991 1526; x_wconf 86' lang='lat' dir='ltr'>ipsius</span> <span class='ocrx_word' id='word_1_79' title='bbox 1006 1445 1107 1508; x_wconf 82' lang='lat' dir='ltr'>libelli</span> <span class='ocrx_word' id='word_1_80' title='bbox 1123 1445 1226 1508; x_wconf 90' lang='lat' dir='ltr'>Rome</span> <span class='ocrx_word' id='word_1_81' title='bbox 1241 1446 1483 1527; x_wconf 84' lang='lat' dir='ltr'>impressionem</span> <span class='ocrx_word' id='word_1_82' title='bbox 1498 1448 1553 1511; x_wconf 88' lang='lat' dir='ltr'>ille</span> 
     </span>
     <span class='ocr_line' id='line_1_10' title="bbox 346 1526 1554 1609; baseline 0.003 -19"><span class='ocrx_word' id='word_1_83' title='bbox 346 1528 516 1591; x_wconf 90' lang='lat' dir='ltr'>mutiuerit</span> <span class='ocrx_word' id='word_1_84' title='bbox 547 1529 735 1609; x_wconf 86' lang='lat' dir='ltr'>quidquem,</span> <span class='ocrx_word' id='word_1_85' title='bbox 767 1528 936 1608; x_wconf 90' lang='lat' dir='ltr'>indignum</span> <span class='ocrx_word' id='word_1_86' title='bbox 967 1526 1052 1589; x_wconf 76' lang='lat' dir='ltr'>forte</span> <span class='ocrx_word' id='word_1_87' title='bbox 1083 1532 1203 1608; x_wconf 82' lang='lat' dir='ltr'>putans</span> <span class='ocrx_word' id='word_1_88' title='bbox 1234 1547 1294 1589; x_wconf 86' lang='lat' dir='ltr'>aue</span> <span class='ocrx_word' id='word_1_89' title='bbox 1324 1529 1488 1609; x_wconf 87' lang='lat' dir='ltr'>grauitate</span> <span class='ocrx_word' id='word_1_90' title='bbox 1519 1537 1554 1593; x_wconf 91' lang='lat' dir='ltr'>et</span> 
     </span>
     <span class='ocr_line' id='line_1_11' title="bbox 346 1608 1553 1690; baseline 0.001 -17"><span class='ocrx_word' id='word_1_91' title='bbox 346 1611 516 1683; x_wconf 86' lang='lat' dir='ltr'>modestia,</span> <span class='ocrx_word' id='word_1_92' title='bbox 536 1630 595 1690; x_wconf 93' lang='lat' dir='ltr'>ego</span> <span class='ocrx_word' id='word_1_93' title='bbox 613 1611 713 1672; x_wconf 89' lang='lat' dir='ltr'>etiem</span> <span class='ocrx_word' id='word_1_94' title='bbox 732 1609 850 1672; x_wconf 77' lang='lat' dir='ltr'>milites</span> <span class='ocrx_word' id='word_1_95' title='bbox 869 1628 958 1671; x_wconf 87' lang='lat' dir='ltr'>meos</span> <span class='ocrx_word' id='word_1_96' title='bbox 975 1610 1010 1671; x_wconf 91' lang='lat' dir='ltr'>in</span> <span class='ocrx_word' id='word_1_97' title='bbox 1029 1615 1136 1671; x_wconf 88' lang='lat' dir='ltr'>eastra</span> <span class='ocrx_word' id='word_1_98' title='bbox 1154 1608 1289 1683; x_wconf 87' lang='lat' dir='ltr'>reduxi;</span> <span class='ocrx_word' id='word_1_99' title='bbox 1321 1611 1424 1673; x_wconf 87' lang='lat' dir='ltr'>setius</span> <span class='ocrx_word' id='word_1_100' title='bbox 1443 1612 1553 1674; x_wconf 86' lang='lat' dir='ltr'>existi-</span> 
     </span>
     <span class='ocr_line' id='line_1_12' title="bbox 346 1690 1553 1773; baseline 0 -18"><span class='ocrx_word' id='word_1_101' title='bbox 346 1712 439 1755; x_wconf 88' lang='lat' dir='ltr'>mans</span> <span class='ocrx_word' id='word_1_102' title='bbox 456 1713 530 1754; x_wconf 91' lang='lat' dir='ltr'>oum</span> <span class='ocrx_word' id='word_1_103' title='bbox 546 1692 682 1773; x_wconf 90' lang='lat' dir='ltr'>ingeniis</span> <span class='ocrx_word' id='word_1_104' title='bbox 697 1711 764 1753; x_wconf 90' lang='lat' dir='ltr'>non</span> <span class='ocrx_word' id='word_1_105' title='bbox 780 1690 959 1753; x_wconf 88' lang='lat' dir='ltr'>oonfliotari</span> <span class='ocrx_word' id='word_1_106' title='bbox 974 1690 1143 1764; x_wconf 88' lang='lat' dir='ltr'>eiusmodi,</span> <span class='ocrx_word' id='word_1_107' title='bbox 1160 1710 1224 1771; x_wconf 90' lang='lat' dir='ltr'>que</span> <span class='ocrx_word' id='word_1_108' title='bbox 1240 1710 1306 1753; x_wconf 92' lang='lat' dir='ltr'>non</span> <span class='ocrx_word' id='word_1_109' title='bbox 1323 1693 1385 1755; x_wconf 90' lang='lat' dir='ltr'>nisi</span> <span class='ocrx_word' id='word_1_110' title='bbox 1402 1713 1444 1755; x_wconf 87' lang='lat' dir='ltr'>ex</span> <span class='ocrx_word' id='word_1_111' title='bbox 1459 1693 1553 1755; x_wconf 82' lang='lat' dir='ltr'>furiis</span> 
     </span>
    </p>

    <p class='ocr_par' dir='ltr' id='par_1_5' title="bbox 300 1773 1553 1919">
     <span class='ocr_line' id='line_1_13' title="bbox 300 1773 1553 1918; baseline 0.002 -84"><span class='ocrx_word' id='word_1_112' title='bbox 300 1783 335 1834; x_wconf 82' lang='lat'>80</span> <span class='ocrx_word' id='word_1_113' title='bbox 346 1781 381 1837; x_wconf 91' lang='lat' dir='ltr'>et</span> <span class='ocrx_word' id='word_1_114' title='bbox 394 1773 574 1918; x_wconf 57' lang='grc' dir='ltr'>ιιιὲἰοᾱξοιίε</span> <span class='ocrx_word' id='word_1_115' title='bbox 587 1778 748 1847; x_wconf 78' lang='lat' dir='ltr'>constant,</span> <span class='ocrx_word' id='word_1_116' title='bbox 763 1773 881 1853; x_wconf 87' lang='lat' dir='ltr'>quibus</span> <span class='ocrx_word' id='word_1_117' title='bbox 894 1773 982 1835; x_wconf 86' lang='lat' dir='ltr'>vinei</span> <span class='ocrx_word' id='word_1_118' title='bbox 994 1792 1093 1853; x_wconf 92' lang='lat' dir='ltr'>quem</span> <span class='ocrx_word' id='word_1_119' title='bbox 1106 1774 1234 1836; x_wconf 80' lang='lat' dir='ltr'>vincere</span> <span class='ocrx_word' id='word_1_120' title='bbox 1248 1792 1373 1855; x_wconf 89' lang='lat' dir='ltr'>semper</span> <span class='ocrx_word' id='word_1_121' title='bbox 1385 1774 1553 1838; x_wconf 77' lang='lat' dir='ltr'>honestius</span> 
     </span>
     <span class='ocr_line' id='line_1_14' title="bbox 346 1876 520 1919; baseline -0.017 0"><span class='ocrx_word' id='word_1_122' title='bbox 346 1877 417 1919; x_wconf 86' lang='lat' dir='ltr'>ease</span> <span class='ocrx_word' id='word_1_123' title='bbox 453 1876 520 1917; x_wconf 86' lang='lat' dir='ltr'>un.</span> 
     </span>
    </p>

    <p class='ocr_par' dir='ltr' id='par_1_6' title="bbox 346 1935 1552 2182">
     <span class='ocr_line' id='line_1_15' title="bbox 388 1935 1552 2016; baseline 0 -16"><span class='ocrx_word' id='word_1_124' title='bbox 388 1937 474 2013; x_wconf 78' lang='lat' dir='ltr'>Quid</span> <span class='ocrx_word' id='word_1_125' title='bbox 482 1937 621 2000; x_wconf 85' lang='lat' dir='ltr'>alterum</span> <span class='ocrx_word' id='word_1_126' title='bbox 629 1936 711 1999; x_wconf 87' lang='lat' dir='ltr'>illud</span> <span class='ocrx_word' id='word_1_127' title='bbox 719 1935 1109 2016; x_wconf 84' lang='lat' dir='ltr'>fueritepistole,quares</span> <span class='ocrx_word' id='word_1_128' title='bbox 1174 1938 1339 2009; x_wconf 85' lang='lat' dir='ltr'>ta,vteis,</span> <span class='ocrx_word' id='word_1_129' title='bbox 1350 1937 1552 2011; x_wconf 81' lang='lat' dir='ltr'>describitur,</span> 
     </span>
     <span class='ocr_line' id='line_1_16' title="bbox 346 2018 1552 2101; baseline 0.001 -20"><span class='ocrx_word' id='word_1_130' title='bbox 346 2039 475 2100; x_wconf 87' lang='lat' dir='ltr'>prorsus</span> <span class='ocrx_word' id='word_1_131' title='bbox 495 2020 612 2092; x_wconf 88' lang='lat' dir='ltr'>neseio,</span> <span class='ocrx_word' id='word_1_132' title='bbox 632 2019 695 2081; x_wconf 87' lang='lat' dir='ltr'>nisi</span> <span class='ocrx_word' id='word_1_133' title='bbox 713 2019 797 2081; x_wconf 79' lang='lat' dir='ltr'>forte</span> <span class='ocrx_word' id='word_1_134' title='bbox 816 2018 964 2099; x_wconf 85' lang='lat' dir='ltr'>tragedia</span> <span class='ocrx_word' id='word_1_135' title='bbox 982 2024 1094 2080; x_wconf 87' lang='lat' dir='ltr'>nostra</span> <span class='ocrx_word' id='word_1_136' title='bbox 1179 2019 1309 2081; x_wconf 88' lang='lat' dir='ltr'>theniea</span> <span class='ocrx_word' id='word_1_137' title='bbox 1328 2020 1372 2081; x_wconf 92' lang='lat' dir='ltr'>sit</span> <span class='ocrx_word' id='word_1_138' title='bbox 1391 2039 1430 2081; x_wconf 92' lang='lat' dir='ltr'>eo</span> <span class='ocrx_word' id='word_1_139' title='bbox 1450 2040 1552 2101; x_wconf 89' lang='lat' dir='ltr'>vsque</span> 
     </span>
     <span class='ocr_line' id='line_1_17' title="bbox 346 2099 1552 2182; baseline 0.002 -20"><span class='ocrx_word' id='word_1_140' title='bbox 346 2100 481 2182; x_wconf 89' lang='lat' dir='ltr'>perlata.</span> <span class='ocrx_word' id='word_1_141' title='bbox 518 2100 564 2163; x_wconf 80' lang='lat' dir='ltr'>Et</span> <span class='ocrx_word' id='word_1_142' title='bbox 577 2102 636 2163; x_wconf 88' lang='lat' dir='ltr'>hee</span> <span class='ocrx_word' id='word_1_143' title='bbox 650 2102 722 2181; x_wconf 90' lang='lat' dir='ltr'>ipsa</span> <span class='ocrx_word' id='word_1_144' title='bbox 736 2100 874 2180; x_wconf 89' lang='lat' dir='ltr'>epistola</span> <span class='ocrx_word' id='word_1_145' title='bbox 887 2100 1091 2163; x_wconf 77' lang='lat' dir='ltr'>familiariter</span> <span class='ocrx_word' id='word_1_146' title='bbox 1105 2120 1125 2161; x_wconf 96' lang='lat' dir='ltr'>a</span> <span class='ocrx_word' id='word_1_147' title='bbox 1140 2120 1192 2162; x_wconf 92' lang='lat' dir='ltr'>me</span> <span class='ocrx_word' id='word_1_148' title='bbox 1207 2099 1250 2162; x_wconf 90' lang='lat' dir='ltr'>ad</span> <span class='ocrx_word' id='word_1_149' title='bbox 1264 2101 1404 2162; x_wconf 90' lang='lat' dir='ltr'>amioum</span> <span class='ocrx_word' id='word_1_150' title='bbox 1419 2102 1552 2181; x_wconf 88' lang='lat' dir='ltr'>seripte,</span> 
     </span>
    </p>

    <p class='ocr_par' dir='ltr' id='par_1_7' title="bbox 301 2181 1552 2592">
     <span class='ocr_line' id='line_1_18' title="bbox 301 2181 1551 2263; baseline 0 -18"><span class='ocrx_word' id='word_1_151' title='bbox 301 2195 332 2260; x_wconf 80' lang='lat'>85</span> <span class='ocrx_word' id='word_1_152' title='bbox 346 2182 481 2263; x_wconf 83' lang='lat' dir='ltr'>vulgata</span> <span class='ocrx_word' id='word_1_153' title='bbox 505 2188 557 2245; x_wconf 90' lang='lat' dir='ltr'>est</span> <span class='ocrx_word' id='word_1_154' title='bbox 581 2183 738 2263; x_wconf 83' lang='lat' dir='ltr'>euestigio</span> <span class='ocrx_word' id='word_1_155' title='bbox 762 2202 820 2263; x_wconf 91' lang='lat' dir='ltr'>per</span> <span class='ocrx_word' id='word_1_156' title='bbox 843 2181 890 2244; x_wconf 91' lang='lat' dir='ltr'>ill.</span> <span class='ocrx_word' id='word_1_157' title='bbox 917 2182 970 2244; x_wconf 92' lang='lat' dir='ltr'>do.</span> <span class='ocrx_word' id='word_1_158' title='bbox 997 2181 1232 2245; x_wconf 72' lang='lat' dir='ltr'>christoforum</span> <span class='ocrx_word' id='word_1_159' title='bbox 1258 2201 1279 2243; x_wconf 98' lang='lat' dir='ltr'>e</span> <span class='ocrx_word' id='word_1_160' title='bbox 1304 2182 1551 2263; x_wconf 82' lang='lat' dir='ltr'>Sohydlowieoz,</span> 
     </span>
     <span class='ocr_line' id='line_1_19' title="bbox 345 2264 1552 2345; baseline 0.002 -19"><span class='ocrx_word' id='word_1_161' title='bbox 345 2264 537 2345; x_wconf 85' lang='lat' dir='ltr'>palatinum,</span> <span class='ocrx_word' id='word_1_162' title='bbox 553 2264 644 2345; x_wconf 87' lang='lat' dir='ltr'>regni</span> <span class='ocrx_word' id='word_1_163' title='bbox 658 2265 753 2327; x_wconf 90' lang='lat' dir='ltr'>huius</span> <span class='ocrx_word' id='word_1_164' title='bbox 769 2264 1004 2337; x_wconf 79' lang='lat' dir='ltr'>cancellarium,</span> <span class='ocrx_word' id='word_1_165' title='bbox 1021 2265 1190 2344; x_wconf 78' lang='lat' dir='ltr'>veriusque</span> <span class='ocrx_word' id='word_1_166' title='bbox 1205 2270 1353 2327; x_wconf 89' lang='lat' dir='ltr'>nostrum</span> <span class='ocrx_word' id='word_1_167' title='bbox 1369 2267 1552 2328; x_wconf 86' lang='lat' dir='ltr'>amantissi-</span> 
     </span>
     <span class='ocr_line' id='line_1_20' title="bbox 346 2345 1551 2421; baseline 0.001 -12"><span class='ocrx_word' id='word_1_168' title='bbox 346 2366 447 2420; x_wconf 85' lang='lat' dir='ltr'>mum,</span> <span class='ocrx_word' id='word_1_169' title='bbox 471 2366 524 2409; x_wconf 93' lang='lat' dir='ltr'>me</span> <span class='ocrx_word' id='word_1_170' title='bbox 547 2347 651 2408; x_wconf 89' lang='lat' dir='ltr'>modis</span> <span class='ocrx_word' id='word_1_171' title='bbox 675 2346 824 2408; x_wconf 90' lang='lat' dir='ltr'>omnibus</span> <span class='ocrx_word' id='word_1_172' title='bbox 846 2345 1053 2409; x_wconf 86' lang='lat' dir='ltr'>reelamente.</span> <span class='ocrx_word' id='word_1_173' title='bbox 1099 2345 1168 2408; x_wconf 90' lang='lat' dir='ltr'>Heo</span> <span class='ocrx_word' id='word_1_174' title='bbox 1192 2347 1311 2420; x_wconf 90' lang='lat' dir='ltr'>omnia,</span> <span class='ocrx_word' id='word_1_175' title='bbox 1336 2348 1382 2408; x_wconf 90' lang='lat' dir='ltr'>mi</span> <span class='ocrx_word' id='word_1_176' title='bbox 1406 2347 1551 2421; x_wconf 79' lang='lat' dir='ltr'>Erasme,</span> 
     </span>
     <span class='ocr_line' id='line_1_21' title="bbox 345 2428 1551 2510; baseline 0.001 -19"><span class='ocrx_word' id='word_1_177' title='bbox 345 2428 479 2510; x_wconf 87' lang='lat' dir='ltr'>indigna</span> <span class='ocrx_word' id='word_1_178' title='bbox 489 2428 620 2509; x_wconf 87' lang='lat' dir='ltr'>quidem</span> <span class='ocrx_word' id='word_1_179' title='bbox 632 2434 710 2491; x_wconf 88' lang='lat' dir='ltr'>sunt</span> <span class='ocrx_word' id='word_1_180' title='bbox 720 2448 762 2491; x_wconf 87' lang='lat' dir='ltr'>ex</span> <span class='ocrx_word' id='word_1_181' title='bbox 772 2428 891 2509; x_wconf 90' lang='lat' dir='ltr'>quibus</span> <span class='ocrx_word' id='word_1_182' title='bbox 902 2433 1034 2490; x_wconf 89' lang='lat' dir='ltr'>tantum</span> <span class='ocrx_word' id='word_1_183' title='bbox 1045 2428 1143 2490; x_wconf 85' lang='lat' dir='ltr'>miehi</span> <span class='ocrx_word' id='word_1_184' title='bbox 1154 2428 1320 2491; x_wconf 90' lang='lat' dir='ltr'>Musarum</span> <span class='ocrx_word' id='word_1_185' title='bbox 1332 2436 1366 2491; x_wconf 90' lang='lat' dir='ltr'>et</span> <span class='ocrx_word' id='word_1_186' title='bbox 1376 2431 1551 2492; x_wconf 91' lang='lat' dir='ltr'>rethorioee</span> 
     </span>
     <span class='ocr_line' id='line_1_22' title="bbox 345 2509 1552 2592; baseline 0.001 -19"><span class='ocrx_word' id='word_1_187' title='bbox 345 2510 481 2574; x_wconf 83' lang='lat' dir='ltr'>tribuae.</span> <span class='ocrx_word' id='word_1_188' title='bbox 526 2510 709 2591; x_wconf 82' lang='lat' dir='ltr'>Vtcumque</span> <span class='ocrx_word' id='word_1_189' title='bbox 732 2516 820 2583; x_wconf 90' lang='lat' dir='ltr'>eunt,</span> <span class='ocrx_word' id='word_1_190' title='bbox 844 2510 969 2591; x_wconf 90' lang='lat' dir='ltr'>gaudeo</span> <span class='ocrx_word' id='word_1_191' title='bbox 992 2509 1167 2589; x_wconf 90' lang='lat' dir='ltr'>plurimum</span> <span class='ocrx_word' id='word_1_192' title='bbox 1190 2529 1263 2572; x_wconf 85' lang='lat' dir='ltr'>eam</span> <span class='ocrx_word' id='word_1_193' title='bbox 1285 2530 1399 2574; x_wconf 89' lang='lat' dir='ltr'>ansam</span> <span class='ocrx_word' id='word_1_194' title='bbox 1421 2513 1552 2592; x_wconf 85' lang='lat' dir='ltr'>vtrique</span> 
     </span>
    </p>

    <p class='ocr_par' dir='ltr' id='par_1_8' title="bbox 300 2591 1552 3001">
     <span class='ocr_line' id='line_1_23' title="bbox 300 2591 1551 2674; baseline -0.001 -18"><span class='ocrx_word' id='word_1_195' title='bbox 300 2600 493 2668; x_wconf 88' lang='lat' dir='ltr'>90nostrum</span> <span class='ocrx_word' id='word_1_196' title='bbox 517 2592 678 2674; x_wconf 91' lang='lat' dir='ltr'>prebitam</span> <span class='ocrx_word' id='word_1_197' title='bbox 702 2593 846 2655; x_wconf 88' lang='lat' dir='ltr'>emioioie</span> <span class='ocrx_word' id='word_1_198' title='bbox 869 2598 905 2655; x_wconf 90' lang='lat' dir='ltr'>et</span> <span class='ocrx_word' id='word_1_199' title='bbox 928 2591 1151 2655; x_wconf 89' lang='lat' dir='ltr'>beneuolentie</span> <span class='ocrx_word' id='word_1_200' title='bbox 1174 2593 1342 2655; x_wconf 89' lang='lat' dir='ltr'>internos</span> <span class='ocrx_word' id='word_1_201' title='bbox 1366 2594 1551 2656; x_wconf 83' lang='lat' dir='ltr'>ooeundae:</span> 
     </span>
     <span class='ocr_line' id='line_1_24' title="bbox 346 2673 1550 2756; baseline 0 -19"><span class='ocrx_word' id='word_1_202' title='bbox 346 2694 446 2756; x_wconf 90' lang='lat' dir='ltr'>quam</span> <span class='ocrx_word' id='word_1_203' title='bbox 465 2682 505 2737; x_wconf 85' lang='lat' dir='ltr'>vt</span> <span class='ocrx_word' id='word_1_204' title='bbox 523 2683 639 2738; x_wconf 89' lang='lat' dir='ltr'>mutuo</span> <span class='ocrx_word' id='word_1_205' title='bbox 658 2693 767 2737; x_wconf 89' lang='lat' dir='ltr'>amore</span> <span class='ocrx_word' id='word_1_206' title='bbox 786 2680 821 2737; x_wconf 87' lang='lat' dir='ltr'>et</span> <span class='ocrx_word' id='word_1_207' title='bbox 840 2674 952 2737; x_wconf 90' lang='lat' dir='ltr'>offleiis</span> <span class='ocrx_word' id='word_1_208' title='bbox 971 2673 1096 2736; x_wconf 89' lang='lat' dir='ltr'>alamus</span> <span class='ocrx_word' id='word_1_209' title='bbox 1114 2674 1375 2755; x_wconf 87' lang='lat' dir='ltr'>roboremusque,</span> <span class='ocrx_word' id='word_1_210' title='bbox 1396 2681 1430 2738; x_wconf 88' lang='lat' dir='ltr'>te</span> <span class='ocrx_word' id='word_1_211' title='bbox 1449 2677 1550 2738; x_wconf 91' lang='lat' dir='ltr'>etiam</span> 
     </span>
     <span class='ocr_line' id='line_1_25' title="bbox 348 2762 1552 2917; baseline -0.001 -16"><span class='ocrx_word' id='word_1_212' title='bbox 348 2762 694 2912; x_wconf 51' lang='lat' dir='ltr'>mllioilblelsnrbffibm</span> <span class='ocrx_word' id='word_1_213' title='bbox 719 2844 847 2912; x_wconf 86' lang='lat' dir='ltr'>atnoe,</span> <span class='ocrx_word' id='word_1_214' title='bbox 874 2846 913 2901; x_wconf 85' lang='lat' dir='ltr'>vt</span> <span class='ocrx_word' id='word_1_215' title='bbox 938 2838 1086 2900; x_wconf 89' lang='lat' dir='ltr'>videmur</span> <span class='ocrx_word' id='word_1_216' title='bbox 1109 2836 1165 2899; x_wconf 94' lang='lat' dir='ltr'>lon</span> <span class='ocrx_word' id='word_1_217' title='bbox 1188 2838 1194 2852; x_wconf 91' lang='lat'>&#39;</span> <span class='ocrx_word' id='word_1_218' title='bbox 1220 2838 1277 2917; x_wconf 92' lang='lat' dir='ltr'>qui</span> <span class='ocrx_word' id='word_1_219' title='bbox 1303 2837 1460 2911; x_wconf 79' lang='lat' dir='ltr'>Sarmata,</span> <span class='ocrx_word' id='word_1_220' title='bbox 1485 2858 1552 2900; x_wconf 94' lang='lat' dir='ltr'>non</span> 
     </span>
     <span class='ocr_line' id='line_1_26' title="bbox 346 2920 1550 3001; baseline -0.001 -18"><span class='ocrx_word' id='word_1_221' title='bbox 346 2921 531 3001; x_wconf 82' lang='lat' dir='ltr'>ignoramus</span> <span class='ocrx_word' id='word_1_222' title='bbox 580 2941 621 2983; x_wconf 91' lang='lat' dir='ltr'>ue</span> <span class='ocrx_word' id='word_1_223' title='bbox 645 2921 855 3000; x_wconf 69' lang='lat' dir='ltr'>intemperiae</span> <span class='ocrx_word' id='word_1_224' title='bbox 880 2925 1015 2982; x_wconf 85' lang='lat' dir='ltr'>teneant</span> <span class='ocrx_word' id='word_1_225' title='bbox 1039 2920 1138 2982; x_wconf 88' lang='lat' dir='ltr'>istem</span> <span class='ocrx_word' id='word_1_226' title='bbox 1211 2920 1370 2981; x_wconf 90' lang='lat' dir='ltr'>rmeniam</span> <span class='ocrx_word' id='word_1_227' title='bbox 1396 2926 1550 2983; x_wconf 88' lang='lat' dir='ltr'>vestram.</span> 
     </span>
    </p>

    <p class='ocr_par' dir='ltr' id='par_1_9' title="bbox 301 2941 1552 3408">
     <span class='ocr_line' id='line_1_27' title="bbox 301 2941 1552 3082; baseline 0.001 -19"><span class='ocrx_word' id='word_1_228' title='bbox 301 3021 334 3076; x_wconf 82' lang='lat'>95</span> <span class='ocrx_word' id='word_1_229' title='bbox 347 3002 403 3064; x_wconf 93' lang='lat' dir='ltr'>Dii</span> <span class='ocrx_word' id='word_1_230' title='bbox 420 2941 629 3075; x_wconf 64' lang='lat' dir='ltr'>immortales,</span> <span class='ocrx_word' id='word_1_231' title='bbox 648 3003 738 3064; x_wconf 89' lang='lat' dir='ltr'>itane</span> <span class='ocrx_word' id='word_1_232' title='bbox 757 3007 914 3082; x_wconf 88' lang='lat' dir='ltr'>perpetuo</span> <span class='ocrx_word' id='word_1_233' title='bbox 933 3007 1158 3081; x_wconf 79' lang='lat' dir='ltr'>comparatum</span> <span class='ocrx_word' id='word_1_234' title='bbox 1177 3007 1238 3074; x_wconf 88' lang='lat' dir='ltr'>est,</span> <span class='ocrx_word' id='word_1_235' title='bbox 1260 3008 1299 3063; x_wconf 85' lang='lat' dir='ltr'>vt</span> <span class='ocrx_word' id='word_1_236' title='bbox 1317 3002 1352 3063; x_wconf 91' lang='lat' dir='ltr'>in</span> <span class='ocrx_word' id='word_1_237' title='bbox 1372 3021 1405 3063; x_wconf 85' lang='lat' dir='ltr'>ae</span> <span class='ocrx_word' id='word_1_238' title='bbox 1425 3021 1552 3064; x_wconf 88' lang='lat' dir='ltr'>summe</span> 
     </span>
     <span class='ocr_line' id='line_1_28' title="bbox 346 3082 1550 3164; baseline 0 -18"><span class='ocrx_word' id='word_1_239' title='bbox 346 3089 472 3146; x_wconf 79' lang='lat' dir='ltr'>ruant?</span> <span class='ocrx_word' id='word_1_240' title='bbox 508 3084 596 3157; x_wconf 83' lang='lat' dir='ltr'>Quot</span> <span class='ocrx_word' id='word_1_241' title='bbox 608 3085 674 3145; x_wconf 91' lang='lat' dir='ltr'>iem</span> <span class='ocrx_word' id='word_1_242' title='bbox 687 3102 785 3164; x_wconf 90' lang='lat' dir='ltr'>regna</span> <span class='ocrx_word' id='word_1_243' title='bbox 798 3089 832 3145; x_wconf 91' lang='lat' dir='ltr'>et</span> <span class='ocrx_word' id='word_1_244' title='bbox 844 3083 990 3163; x_wconf 91' lang='lat' dir='ltr'>imperia,</span> <span class='ocrx_word' id='word_1_245' title='bbox 1004 3102 1077 3145; x_wconf 92' lang='lat' dir='ltr'>oum</span> <span class='ocrx_word' id='word_1_246' title='bbox 1091 3082 1134 3145; x_wconf 91' lang='lat' dir='ltr'>ad</span> <span class='ocrx_word' id='word_1_247' title='bbox 1147 3101 1310 3145; x_wconf 88' lang='lat' dir='ltr'>summum</span> <span class='ocrx_word' id='word_1_248' title='bbox 1323 3090 1550 3163; x_wconf 90' lang='lat' dir='ltr'>peruenerunt,</span> 
     </span>
     <span class='ocr_line' id='line_1_29' title="bbox 347 3163 1551 3246; baseline 0 -19"><span class='ocrx_word' id='word_1_249' title='bbox 347 3165 556 3228; x_wconf 88' lang='lat' dir='ltr'>eorruenmt!</span> <span class='ocrx_word' id='word_1_250' title='bbox 595 3164 637 3227; x_wconf 92' lang='lat' dir='ltr'>Id</span> <span class='ocrx_word' id='word_1_251' title='bbox 654 3166 726 3245; x_wconf 84' lang='lat' dir='ltr'>quis</span> <span class='ocrx_word' id='word_1_252' title='bbox 744 3163 934 3227; x_wconf 83' lang='lat' dir='ltr'>Germaniae</span> <span class='ocrx_word' id='word_1_253' title='bbox 952 3165 1096 3227; x_wconf 89' lang='lat' dir='ltr'>aoeidere</span> <span class='ocrx_word' id='word_1_254' title='bbox 1112 3165 1237 3245; x_wconf 89' lang='lat' dir='ltr'>liquido</span> <span class='ocrx_word' id='word_1_255' title='bbox 1253 3184 1320 3226; x_wconf 92' lang='lat' dir='ltr'>non</span> <span class='ocrx_word' id='word_1_256' title='bbox 1337 3165 1456 3227; x_wconf 75' lang='lat' dir='ltr'>videt?</span> <span class='ocrx_word' id='word_1_257' title='bbox 1487 3186 1551 3246; x_wconf 91' lang='lat' dir='ltr'>que</span> 
     </span>
     <span class='ocr_line' id='line_1_30' title="bbox 347 3246 1552 3326; baseline 0 -17"><span class='ocrx_word' id='word_1_258' title='bbox 347 3266 422 3309; x_wconf 89' lang='lat' dir='ltr'>oum</span> <span class='ocrx_word' id='word_1_259' title='bbox 451 3247 584 3307; x_wconf 89' lang='lat' dir='ltr'>militari</span> <span class='ocrx_word' id='word_1_260' title='bbox 613 3247 792 3326; x_wconf 79' lang='lat' dir='ltr'>disciplina,</span> <span class='ocrx_word' id='word_1_261' title='bbox 822 3252 895 3308; x_wconf 89' lang='lat' dir='ltr'>tum</span> <span class='ocrx_word' id='word_1_262' title='bbox 925 3246 1069 3321; x_wconf 88' lang='lat' dir='ltr'>vrbibus,</span> <span class='ocrx_word' id='word_1_263' title='bbox 1100 3246 1237 3320; x_wconf 77' lang='lat' dir='ltr'>arcibus,</span> <span class='ocrx_word' id='word_1_264' title='bbox 1269 3248 1484 3309; x_wconf 89' lang='lat' dir='ltr'>meroimoniis</span> <span class='ocrx_word' id='word_1_265' title='bbox 1514 3268 1552 3309; x_wconf 89' lang='lat' dir='ltr'>ao</span> 
     </span>
     <span class='ocr_line' id='line_1_31' title="bbox 347 3328 1548 3408; baseline 0.001 -18"><span class='ocrx_word' id='word_1_266' title='bbox 347 3328 486 3407; x_wconf 89' lang='lat' dir='ltr'>denique</span> <span class='ocrx_word' id='word_1_267' title='bbox 513 3328 649 3408; x_wconf 89' lang='lat' dir='ltr'>ingeniis</span> <span class='ocrx_word' id='word_1_268' title='bbox 678 3336 713 3390; x_wconf 89' lang='lat' dir='ltr'>et</span> <span class='ocrx_word' id='word_1_269' title='bbox 739 3328 842 3389; x_wconf 85' lang='lat' dir='ltr'>literis</span> <span class='ocrx_word' id='word_1_270' title='bbox 871 3347 982 3390; x_wconf 90' lang='lat' dir='ltr'>omnes</span> <span class='ocrx_word' id='word_1_271' title='bbox 1011 3328 1151 3408; x_wconf 89' lang='lat' dir='ltr'>reliquas</span> <span class='ocrx_word' id='word_1_272' title='bbox 1179 3329 1329 3391; x_wconf 87' lang='lat' dir='ltr'>nationes</span> <span class='ocrx_word' id='word_1_273' title='bbox 1357 3330 1423 3391; x_wconf 89' lang='lat' dir='ltr'>iam</span> <span class='ocrx_word' id='word_1_274' title='bbox 1451 3328 1548 3408; x_wconf 91' lang='lat' dir='ltr'>plene</span> 
     </span>
    </p>

    <p class='ocr_par' dir='ltr' id='par_1_10' title="bbox 287 3409 1551 3736">
     <span class='ocr_line' id='line_1_32' title="bbox 287 3409 1550 3491; baseline 0 -18"><span class='ocrx_word' id='word_1_275' title='bbox 287 3423 336 3461; x_wconf 89' lang='lat'>100</span> <span class='ocrx_word' id='word_1_276' title='bbox 347 3429 496 3490; x_wconf 88' lang='lat' dir='ltr'>superare</span> <span class='ocrx_word' id='word_1_277' title='bbox 508 3430 568 3472; x_wconf 90' lang='lat' dir='ltr'>nee</span> <span class='ocrx_word' id='word_1_278' title='bbox 579 3410 741 3471; x_wconf 91' lang='lat' dir='ltr'>immerito</span> <span class='ocrx_word' id='word_1_279' title='bbox 753 3409 904 3472; x_wconf 86' lang='lat' dir='ltr'>ereditur.</span> <span class='ocrx_word' id='word_1_280' title='bbox 939 3409 1024 3472; x_wconf 91' lang='lat' dir='ltr'>Hem</span> <span class='ocrx_word' id='word_1_281' title='bbox 1036 3410 1099 3471; x_wconf 92' lang='lat' dir='ltr'>tibi</span> <span class='ocrx_word' id='word_1_282' title='bbox 1111 3430 1151 3473; x_wconf 90' lang='lat' dir='ltr'>ex</span> <span class='ocrx_word' id='word_1_283' title='bbox 1163 3411 1340 3490; x_wconf 86' lang='lat' dir='ltr'>improuiso</span> <span class='ocrx_word' id='word_1_284' title='bbox 1351 3416 1528 3491; x_wconf 84' lang='lat' dir='ltr'>tempestas</span> <span class='ocrx_word' id='word_1_285' title='bbox 1543 3411 1550 3472; x_wconf 89' lang='grc' dir='ltr'>Ι</span> 
     </span>
     <span class='ocr_line' id='line_1_33' title="bbox 346 3491 1551 3573; baseline 0 -19"><span class='ocrx_word' id='word_1_286' title='bbox 346 3512 410 3573; x_wconf 90' lang='lat' dir='ltr'>que</span> <span class='ocrx_word' id='word_1_287' title='bbox 427 3493 536 3554; x_wconf 95' lang='lat' dir='ltr'>omnia</span> <span class='ocrx_word' id='word_1_288' title='bbox 551 3493 587 3554; x_wconf 90' lang='lat' dir='ltr'>in</span> <span class='ocrx_word' id='word_1_289' title='bbox 603 3491 808 3571; x_wconf 77' lang='lat' dir='ltr'>naufragium</span> <span class='ocrx_word' id='word_1_290' title='bbox 824 3492 871 3553; x_wconf 89' lang='lat' dir='ltr'>sio</span> <span class='ocrx_word' id='word_1_291' title='bbox 888 3492 967 3572; x_wconf 85' lang='lat' dir='ltr'>agit,</span> <span class='ocrx_word' id='word_1_292' title='bbox 985 3499 1025 3554; x_wconf 85' lang='lat' dir='ltr'>vt</span> <span class='ocrx_word' id='word_1_293' title='bbox 1041 3512 1083 3554; x_wconf 91' lang='lat' dir='ltr'>ne</span> <span class='ocrx_word' id='word_1_294' title='bbox 1099 3493 1134 3555; x_wconf 91' lang='lat' dir='ltr'>in</span> <span class='ocrx_word' id='word_1_295' title='bbox 1151 3511 1243 3554; x_wconf 86' lang='lat' dir='ltr'>saera</span> <span class='ocrx_word' id='word_1_296' title='bbox 1259 3492 1391 3572; x_wconf 90' lang='lat' dir='ltr'>quidem</span> <span class='ocrx_word' id='word_1_297' title='bbox 1409 3494 1551 3555; x_wconf 87' lang='lat' dir='ltr'>anohore</span> 
     </span>
     <span class='ocr_line' id='line_1_34' title="bbox 346 3572 1550 3718; baseline -0.001 -81"><span class='ocrx_word' id='word_1_298' title='bbox 346 3575 524 3718; x_wconf 45' lang='lat' dir='ltr'>quidguam</span> <span class='ocrx_word' id='word_1_299' title='bbox 547 3575 616 3654; x_wconf 89' lang='lat' dir='ltr'>spei</span> <span class='ocrx_word' id='word_1_300' title='bbox 636 3573 786 3636; x_wconf 84' lang='lat' dir='ltr'>relietum</span> <span class='ocrx_word' id='word_1_301' title='bbox 808 3572 969 3647; x_wconf 83' lang='lat' dir='ltr'>videatur,</span> <span class='ocrx_word' id='word_1_302' title='bbox 991 3574 1090 3654; x_wconf 89' lang='lat' dir='ltr'>idque</span> <span class='ocrx_word' id='word_1_303' title='bbox 1112 3581 1182 3636; x_wconf 91' lang='lat' dir='ltr'>tam</span> <span class='ocrx_word' id='word_1_304' title='bbox 1204 3574 1278 3636; x_wconf 81' lang='lat' dir='ltr'>fede</span> <span class='ocrx_word' id='word_1_305' title='bbox 1300 3580 1335 3636; x_wconf 90' lang='lat' dir='ltr'>et</span> <span class='ocrx_word' id='word_1_306' title='bbox 1356 3574 1487 3654; x_wconf 88' lang='lat' dir='ltr'>indigne</span> <span class='ocrx_word' id='word_1_307' title='bbox 1510 3581 1550 3636; x_wconf 85' lang='lat' dir='ltr'>vt</span> 
     </span>
     <span class='ocr_line' id='line_1_35' title="bbox 346 3656 1053 3736; baseline -0.004 -16"><span class='ocrx_word' id='word_1_308' title='bbox 346 3658 429 3720; x_wconf 89' lang='lat' dir='ltr'>eitra</span> <span class='ocrx_word' id='word_1_309' title='bbox 453 3657 589 3719; x_wconf 89' lang='lat' dir='ltr'>aorimas</span> <span class='ocrx_word' id='word_1_310' title='bbox 603 3656 846 3718; x_wconf 81' lang='lat' dir='ltr'>commemorari</span> <span class='ocrx_word' id='word_1_311' title='bbox 859 3675 926 3718; x_wconf 93' lang='lat' dir='ltr'>non</span> <span class='ocrx_word' id='word_1_312' title='bbox 940 3656 1053 3736; x_wconf 81' lang='lat' dir='ltr'>possit.</span> 
     </span>
    </p>
   </div>
   <div class='ocr_carea' id='block_1_3' title="bbox 554 3778 1340 3852">
    <p class='ocr_par' dir='ltr' id='par_1_11' title="bbox 554 3778 1340 3852">
     <span class='ocr_line' id='line_1_36' title="bbox 554 3778 1340 3852; baseline -0.003 -8"><span class='ocrx_word' id='word_1_313' title='bbox 554 3780 716 3844; x_wconf 78' lang='lat' dir='ltr'>Nimirum</span> <span class='ocrx_word' id='word_1_314' title='bbox 735 3780 797 3842; x_wconf 89' lang='lat' dir='ltr'>hoo</span> <span class='ocrx_word' id='word_1_315' title='bbox 815 3779 942 3843; x_wconf 77' lang='lat' dir='ltr'>iaciunt</span> <span class='ocrx_word' id='word_1_316' title='bbox 961 3780 1092 3843; x_wconf 81' lang='lat' dir='ltr'>celestia</span> <span class='ocrx_word' id='word_1_317' title='bbox 1109 3779 1244 3841; x_wconf 91' lang='lat' dir='ltr'>numina</span> <span class='ocrx_word' id='word_1_318' title='bbox 1263 3778 1340 3852; x_wconf 89' lang='lat' dir='ltr'>lesa,</span> 
     </span>
    </p>
   </div>
   <div class='ocr_carea' id='block_1_4' title="bbox 286 3904 1553 4230">
    <p class='ocr_par' dir='ltr' id='par_1_12' title="bbox 286 3904 1553 4230">
     <span class='ocr_line' id='line_1_37' title="bbox 286 3904 1550 3986; baseline 0.006 -24"><span class='ocrx_word' id='word_1_319' title='bbox 286 3920 333 3976; x_wconf 83' lang='lat'>105</span> <span class='ocrx_word' id='word_1_320' title='bbox 345 3924 420 3968; x_wconf 91' lang='lat' dir='ltr'>oum</span> <span class='ocrx_word' id='word_1_321' title='bbox 428 3906 546 3984; x_wconf 88' lang='lat' dir='ltr'>quibua</span> <span class='ocrx_word' id='word_1_322' title='bbox 554 3924 697 3986; x_wconf 91' lang='lat' dir='ltr'>pugnare</span> <span class='ocrx_word' id='word_1_323' title='bbox 705 3923 805 3985; x_wconf 90' lang='lat' dir='ltr'>quem</span> <span class='ocrx_word' id='word_1_324' title='bbox 813 3906 1021 3968; x_wconf 85' lang='lat' dir='ltr'>temerarium</span> <span class='ocrx_word' id='word_1_325' title='bbox 1030 3906 1084 3978; x_wconf 88' lang='lat' dir='ltr'>sit,</span> <span class='ocrx_word' id='word_1_326' title='bbox 1094 3905 1240 3967; x_wconf 87' lang='lat' dir='ltr'>aetianos</span> <span class='ocrx_word' id='word_1_327' title='bbox 1250 3905 1303 3967; x_wconf 88' lang='lat' dir='ltr'>vel</span> <span class='ocrx_word' id='word_1_328' title='bbox 1312 3904 1430 3968; x_wconf 78' lang='lat' dir='ltr'>labello</span> <span class='ocrx_word' id='word_1_329' title='bbox 1440 3913 1550 3986; x_wconf 89' lang='lat' dir='ltr'>poeta-</span> 
     </span>
     <span class='ocr_line' id='line_1_38' title="bbox 345 3986 1551 4068; baseline 0.002 -20"><span class='ocrx_word' id='word_1_330' title='bbox 345 4006 429 4060; x_wconf 90' lang='lat' dir='ltr'>rum,</span> <span class='ocrx_word' id='word_1_331' title='bbox 443 3987 563 4049; x_wconf 90' lang='lat' dir='ltr'>nedum</span> <span class='ocrx_word' id='word_1_332' title='bbox 577 3986 904 4067; x_wconf 73' lang='lat' dir='ltr'>hystoricorum-fides</span> <span class='ocrx_word' id='word_1_333' title='bbox 915 3987 1079 4050; x_wconf 86' lang='lat' dir='ltr'>admonet.</span> <span class='ocrx_word' id='word_1_334' title='bbox 1111 3986 1152 4048; x_wconf 96' lang='lat' dir='ltr'>In</span> <span class='ocrx_word' id='word_1_335' title='bbox 1161 4006 1201 4049; x_wconf 91' lang='lat' dir='ltr'>ee</span> <span class='ocrx_word' id='word_1_336' title='bbox 1214 3986 1382 4068; x_wconf 89' lang='lat' dir='ltr'>Babylone</span> <span class='ocrx_word' id='word_1_337' title='bbox 1396 3988 1551 4050; x_wconf 82' lang='lat' dir='ltr'>eoniusis·</span> 
     </span>
     <span class='ocr_line' id='line_1_39' title="bbox 345 4069 1552 4149; baseline 0.001 -19"><span class='ocrx_word' id='word_1_338' title='bbox 345 4069 428 4130; x_wconf 89' lang='lat' dir='ltr'>sime</span> <span class='ocrx_word' id='word_1_339' title='bbox 436 4074 470 4130; x_wconf 90' lang='lat' dir='ltr'>et</span> <span class='ocrx_word' id='word_1_340' title='bbox 480 4075 576 4131; x_wconf 89' lang='lat' dir='ltr'>tanta</span> <span class='ocrx_word' id='word_1_341' title='bbox 582 4088 726 4131; x_wconf 92' lang='lat' dir='ltr'>errorum</span> <span class='ocrx_word' id='word_1_342' title='bbox 734 4070 957 4149; x_wconf 85' lang='lat' dir='ltr'>malorumque</span> <span class='ocrx_word' id='word_1_343' title='bbox 967 4069 1071 4132; x_wconf 89' lang='lat' dir='ltr'>Lerna</span> <span class='ocrx_word' id='word_1_344' title='bbox 1081 4075 1115 4131; x_wconf 89' lang='lat' dir='ltr'>te</span> <span class='ocrx_word' id='word_1_345' title='bbox 1125 4088 1228 4149; x_wconf 90' lang='lat' dir='ltr'>agere,</span> <span class='ocrx_word' id='word_1_346' title='bbox 1240 4070 1286 4131; x_wconf 92' lang='lat' dir='ltr'>mi</span> <span class='ocrx_word' id='word_1_347' title='bbox 1295 4069 1439 4143; x_wconf 74' lang='lat' dir='ltr'>limma,</span> <span class='ocrx_word' id='word_1_348' title='bbox 1455 4069 1552 4132; x_wconf 90' lang='lat' dir='ltr'>deous</span> 
     </span>
     <span class='ocr_line' id='line_1_40' title="bbox 346 4151 1553 4230; baseline 0.002 -19"><span class='ocrx_word' id='word_1_349' title='bbox 346 4151 399 4211; x_wconf 88' lang='lat' dir='ltr'>eni</span> <span class='ocrx_word' id='word_1_350' title='bbox 414 4152 517 4211; x_wconf 91' lang='lat' dir='ltr'>nostri</span> <span class='ocrx_word' id='word_1_351' title='bbox 531 4157 567 4212; x_wconf 92' lang='lat' dir='ltr'>et</span> <span class='ocrx_word' id='word_1_352' title='bbox 582 4169 736 4230; x_wconf 88' lang='lat' dir='ltr'>magnum</span> <span class='ocrx_word' id='word_1_353' title='bbox 747 4151 915 4214; x_wconf 88' lang='lat' dir='ltr'>literarum</span> <span class='ocrx_word' id='word_1_354' title='bbox 929 4151 1086 4225; x_wconf 82' lang='lat' dir='ltr'>columen,</span> <span class='ocrx_word' id='word_1_355' title='bbox 1101 4151 1231 4214; x_wconf 88' lang='lat' dir='ltr'>videtur</span> <span class='ocrx_word' id='word_1_356' title='bbox 1244 4152 1338 4213; x_wconf 88' lang='lat' dir='ltr'>iuxta</span> <span class='ocrx_word' id='word_1_357' title='bbox 1352 4152 1503 4214; x_wconf 90' lang='lat' dir='ltr'>miserum</span> <span class='ocrx_word' id='word_1_358' title='bbox 1518 4157 1553 4213; x_wconf 91' lang='lat' dir='ltr'>et</span> 
     </span>
    </p>
   </div>
   <div class='ocr_carea' id='block_1_5' title="bbox 850 4267 1048 4332">
    <p class='ocr_par' dir='ltr' id='par_1_13' title="bbox 850 4267 1048 4332">
     <span class='ocr_line' id='line_1_41' title="bbox 850 4267 1048 4332; baseline 0 -13"><span class='ocrx_word' id='word_1_359' title='bbox 850 4279 892 4332; x_wconf 83' lang='lat'>75.</span> <span class='ocrx_word' id='word_1_360' title='bbox 910 4267 1048 4323; x_wconf 73' lang='lat' dir='ltr'>mieririfl.</span> 
     </span>
    </p>
   </div>
   <div class='ocr_carea' id='block_1_6' title="bbox 343 4407 1553 5129">
    <p class='ocr_par' dir='ltr' id='par_1_14' title="bbox 343 4407 1553 5129">
     <span class='ocr_line' id='line_1_42' title="bbox 379 4407 1553 4472; baseline -0.001 -15"><span class='ocrx_word' id='word_1_361' title='bbox 379 4408 420 4470; x_wconf 82' lang='lat'>76.</span> <span class='ocrx_word' id='word_1_362' title='bbox 439 4407 534 4472; x_wconf 85' lang='lat' dir='ltr'>Rome]</span> <span class='ocrx_word' id='word_1_363' title='bbox 562 4407 627 4457; x_wconf 83' lang='lat' dir='ltr'>&#39;I&#39;hia</span> <span class='ocrx_word' id='word_1_364' title='bbox 652 4408 751 4458; x_wconf 86' lang='lat' dir='ltr'>seoond</span> <span class='ocrx_word' id='word_1_365' title='bbox 777 4408 881 4459; x_wconf 87' lang='lat' dir='ltr'>edition</span> <span class='ocrx_word' id='word_1_366' title='bbox 905 4408 929 4458; x_wconf 90' lang='lat' dir='ltr'>ie</span> <span class='ocrx_word' id='word_1_367' title='bbox 968 4408 1119 4459; x_wconf 85' lang='lat' dir='ltr'>euooeeeion</span> <span class='ocrx_word' id='word_1_368' title='bbox 1134 4413 1164 4458; x_wconf 92' lang='lat' dir='ltr'>to</span> <span class='ocrx_word' id='word_1_369' title='bbox 1179 4407 1308 4460; x_wconf 78' lang='lat' dir='ltr'>Caietano</span> <span class='ocrx_word' id='word_1_370' title='bbox 1322 4407 1468 4469; x_wconf 88' lang='lat' dir='ltr'>(Pastorx.</span> <span class='ocrx_word' id='word_1_371' title='bbox 1488 4420 1553 4472; x_wconf 74' lang='lat'>¹713</span> 
     </span>
     <span class='ocr_line' id='line_1_43' title="bbox 344 4472 1552 4617; baseline 0.001 -30"><span class='ocrx_word' id='word_1_372' title='bbox 344 4472 687 4615; x_wconf 31' lang='lat' dir='ltr'>nogalnggtotlefggessr.</span> <span class='ocrx_word' id='word_1_373' title='bbox 704 4540 777 4601; x_wconf 81' lang='lat'>1629.</span> <span class='ocrx_word' id='word_1_374' title='bbox 793 4552 834 4601; x_wconf 75' lang='lat' dir='ltr'>sn.</span> <span class='ocrx_word' id='word_1_375' title='bbox 968 4472 1552 4617; x_wconf 39' lang='lat' dir='ltr'>wobmwbmhpbffilgob:</span> 
     </span>
     <span class='ocr_line' id='line_1_44' title="bbox 343 4602 1552 4734; baseline 0.001 -16"><span class='ocrx_word' id='word_1_376' title='bbox 343 4602 715 4734; x_wconf 53' lang='lat' dir='ltr'>slhfllttlltael·</span> <span class='ocrx_word' id='word_1_377' title='bbox 731 4602 929 4734; x_wconf 56' lang='lat' dir='ltr'>guggssgfug</span> <span class='ocrx_word' id='word_1_378' title='bbox 969 4602 1552 4733; x_wconf 57' lang='lat' dir='ltr'>retransmeare</span> 
     </span>
     <span class='ocr_line' id='line_1_45' title="bbox 345 4733 1553 4801; baseline -0.002 -16"><span class='ocrx_word' id='word_1_379' title='bbox 345 4749 394 4785; x_wconf 83' lang='lat' dir='ltr'>ma</span> <span class='ocrx_word' id='word_1_380' title='bbox 421 4746 476 4785; x_wconf 68' lang='grc' dir='ltr'>Ν.</span> <span class='ocrx_word' id='word_1_381' title='bbox 502 4733 531 4784; x_wconf 86' lang='lat' dir='ltr'>oi</span> <span class='ocrx_word' id='word_1_382' title='bbox 555 4734 731 4800; x_wconf 83' lang='lat' dir='ltr'>Agrigentum</span> <span class='ocrx_word' id='word_1_383' title='bbox 757 4733 867 4796; x_wconf 79' lang='lat' dir='ltr'>(Brown</span> <span class='ocrx_word' id='word_1_384' title='bbox 891 4734 928 4784; x_wconf 84' lang='lat' dir='ltr'>iv.</span> <span class='ocrx_word' id='word_1_385' title='bbox 969 4735 1147 4799; x_wconf 87' lang='lat' dir='ltr'>(Bergenroth</span> <span class='ocrx_word' id='word_1_386' title='bbox 1166 4737 1204 4786; x_wconf 91' lang='lat' dir='ltr'>iii.</span> <span class='ocrx_word' id='word_1_387' title='bbox 1227 4750 1251 4786; x_wconf 89' lang='lat'>2.</span> <span class='ocrx_word' id='word_1_388' title='bbox 1272 4737 1344 4801; x_wconf 71' lang='lat'>⁶⁴7)-</span> <span class='ocrx_word' id='word_1_389' title='bbox 1382 4734 1464 4786; x_wconf 79' lang='lat' dir='ltr'>From</span> <span class='ocrx_word' id='word_1_390' title='bbox 1487 4747 1553 4799; x_wconf 81' lang='lat'>1530</span> 
     </span>
     <span class='ocr_line' id='line_1_46' title="bbox 344 4798 1553 4878; baseline 0 -29"><span class='ocrx_word' id='word_1_391' title='bbox 344 4800 434 4861; x_wconf 85' lang='lat' dir='ltr'>621n).</span> <span class='ocrx_word' id='word_1_392' title='bbox 484 4799 573 4878; x_wconf 40' lang='lat' dir='ltr'>After·</span> <span class='ocrx_word' id='word_1_393' title='bbox 593 4799 735 4865; x_wconf 83' lang='lat' dir='ltr'>rendering</span> <span class='ocrx_word' id='word_1_394' title='bbox 766 4800 868 4851; x_wconf 82' lang='lat' dir='ltr'>serviae</span> <span class='ocrx_word' id='word_1_395' title='bbox 899 4804 930 4849; x_wconf 86' lang='lat' dir='ltr'>to</span> <span class='ocrx_word' id='word_1_396' title='bbox 969 4798 1553 4867; x_wconf 77' lang='lat' dir='ltr'>t01534hewaspepalnunoioinllngland</span> 
     </span>
     <span class='ocr_line' id='line_1_47' title="bbox 344 4864 1487 4997; baseline -0.002 -15"><span class='ocrx_word' id='word_1_397' title='bbox 344 4864 453 4945; x_wconf 49' lang='grc' dir='ltr'>Μ’</span> <span class='ocrx_word' id='word_1_398' title='bbox 474 4864 930 4996; x_wconf 38' lang='lat' dir='ltr'>repetierimus</span> <span class='ocrx_word' id='word_1_399' title='bbox 969 4864 1037 4995; x_wconf 57' lang='lat'>‘⁰223</span> <span class='ocrx_word' id='word_1_400' title='bbox 1050 4867 1487 4997; x_wconf 53' lang='lat' dir='ltr'>rehabuere.</span> 
     </span>
     <span class='ocr_line' id='line_1_48' title="bbox 343 4931 1552 5129; baseline -0.002 -82"><span class='ocrx_word' id='word_1_401' title='bbox 343 4931 929 5129; x_wconf 40' lang='lat' dir='ltr'>iffimetzndnmtagpoipsmS-gepss</span> <span class='ocrx_word' id='word_1_402' title='bbox 972 4967 1044 5111; x_wconf 54' lang='lat'>1693:</span> <span class='ocrx_word' id='word_1_403' title='bbox 1062 4997 1195 5063; x_wconf 80' lang='lat' dir='ltr'>Sarmata]</span> <span class='ocrx_word' id='word_1_404' title='bbox 1209 4998 1249 5050; x_wconf 75' lang='lat' dir='ltr'>ol.</span> <span class='ocrx_word' id='word_1_405' title='bbox 1263 4946 1462 5065; x_wconf 71' lang='lat' dir='ltr'>upp.42b.41‚</span> <span class='ocrx_word' id='word_1_406' title='bbox 1478 5008 1552 5059; x_wconf 82' lang='lat'>1393.</span> 
     </span>
    </p>

    <p class='ocr_par' dir='ltr' id='par_1_15' title="bbox 506 5078 1013 5123">
     <span class='ocr_line' id='line_1_49' title="bbox 506 5078 1013 5123; baseline 0.002 -10"><span class='ocrx_word' id='word_1_407' title='bbox 506 5078 520 5113; x_wconf 89' lang='lat' dir='ltr'>r</span> <span class='ocrx_word' id='word_1_408' title='bbox 730 5099 738 5123; x_wconf 88' lang='lat'>,</span> <span class='ocrx_word' id='word_1_409' title='bbox 866 5098 875 5121; x_wconf 86' lang='lat'>,</span> <span class='ocrx_word' id='word_1_410' title='bbox 1006 5097 1013 5114; x_wconf 90' lang='lat'><strong>.</strong></span> 
     </span>
    </p>
   </div>
   <div class='ocr_carea' id='block_1_7' title="bbox 0 0 1772 5984">
    <p class='ocr_par' dir='ltr' id='par_1_16' title="bbox 0 0 1772 5984">
     <span class='ocr_line' id='line_1_50' title="bbox 0 0 1772 5984; baseline 0 0"><span class='ocrx_word' id='word_1_411' title='bbox 0 0 1772 5984; x_wconf 95' lang='lat' dir='ltr'> </span> 
     </span>
    </p>
   </div>
  </div>
 </body>
</html>
