3534 5984
368 658 429 719 cra
723 655 917 720 numana
938 656 994 719 or
1014 656 1214 721 amanus
1484 663 1578 741 [1527
1609 654 1614 661 ·

367 824 447 886 tatis
472 822 629 884 allaturae
654 823 722 885 sint
746 822 812 885 vtri
873 843 913 884 ue
937 822 1143 888 litteraturae
1167 823 1332 887 studiosis.
1380 825 1522 889 Interim
1546 837 1581 890 et

368 904 484 967 Ianum
513 903 683 966 Iasoarem
711 904 808 967 isthic
977 905 1123 985 gaudeo;
1163 925 1260 987 quem
1289 913 1403 970 tamen
1434 911 1578 990 optarim

367 987 507 1066 gratiore
517 986 670 1066 compede
680 987 826 1048 vinctum
840 986 928 1066 apud
939 1007 997 1049 vos
1010 986 1160 1049 detineri.
1202 986 1308 1051 Audio
1317 988 1386 1051 iam
1396 991 1443 1052 ad
1453 992 1580 1054 senium

369 1068 514 1148 vergenti
530 1087 597 1128 rem
612 1089 680 1129 esse
696 1087 768 1129 cum
785 1068 938 1148 podagra.

325 1172 356 1209 ιο
409 1150 583 1211 Emisimus
611 1151 676 1211 iam
706 1158 859 1230 quartum
890 1149 1020 1212 Nouum
1048 1149 1292 1214 Testamentum
1322 1171 1397 1214 oum
1429 1153 1579 1218 sancta

367 1232 532 1294 tionibus:
574 1233 609 1292 in
639 1232 757 1310 quibus
787 1231 964 1313 relegendis
993 1232 1134 1313 comperi
1164 1252 1216 1296 me
1243 1232 1324 1295 loois
1353 1235 1581 1315 oompluribus

368 1313 722 1376 honorificentissimam
744 1315 794 1375 tui
816 1314 920 1375 faeere
942 1315 1149 1377 mentionem.
1192 1313 1264 1377 Soio
1284 1315 1347 1377 tibi
1368 1316 1446 1396 plus
1467 1318 1583 1382 deberi

367 1395 483 1469 laudis,
504 1416 562 1457 nec
582 1396 693 1475 ignoro
713 1395 795 1456 nihil
815 1415 896 1475 opus
916 1403 1061 1457 nostram
1081 1395 1278 1458 lucernulam
1297 1398 1332 1458 in
1352 1404 1433 1461 tuae
1454 1399 1583 1479 gloriae

366 1477 466 1540 solem
493 1476 648 1539 intulisse.
695 1477 841 1557 Denique
868 1497 934 1539 non
957 1476 1124 1539 inficiabor
1147 1478 1271 1559 aliquid
1294 1478 1376 1541 lucis
1400 1484 1582 1547 accessisse

324 1582 333 1619 ι
339 1582 352 1634 5
368 1561 447 1621 meis
470 1557 747 1621 lucubrationibus
771 1579 812 1620 ex
836 1559 886 1621 tui
912 1561 1051 1621 nominis
1075 1559 1252 1640 splendore.
1299 1559 1406 1635 Quare
1431 1584 1501 1626 non
1528 1573 1584 1628 eet

369 1642 457 1722 quod
474 1648 624 1703 mutuum
641 1640 779 1702 officium
796 1640 855 1702 abs
872 1648 905 1701 te
921 1660 1096 1721 reposcam,
1112 1644 1253 1721 optarim
1269 1648 1380 1705 umen
1396 1652 1440 1707 vt
1454 1646 1492 1709 in
1508 1649 1582 1710 tuis

366 1723 652 1795 lucubrationibus,
667 1724 855 1803 praesertim
872 1724 913 1784 iis
931 1742 1012 1801 quas
1030 1742 1104 1785 oum
1122 1724 1234 1804 primis
1251 1725 1454 1790 immortales
1472 1731 1581 1791 maxi-

367 1825 400 1867 m
442 1826 481 1867 ue
500 1804 649 1866 manibus
667 1805 834 1866 hominum
852 1804 1003 1867 terendas
1021 1806 1198 1884 auguraris,
1218 1805 1396 1869 admisceas
1414 1828 1485 1872 non
1504 1818 1582 1874 tam

366 1887 420 1949 lau
442 1907 494 1949 em
510 1887 573 1947 mei
589 1906 687 1965 quam
703 1886 925 1948 beneuolentis
939 1887 974 1949 in
990 1886 1159 1948 maenum
1174 1889 1275 1950 animi
1289 1887 1580 1969 significationem.

320 1991 355 2028 20
367 1968 441 2031 Non
452 1969 538 2029 enim
550 1968 668 2029 desunt
679 1969 736 2048 qui
747 1976 781 2030 te
793 1988 909 2048 parum
919 1968 1057 2030 candide
1068 1968 1109 2031 de
1120 1968 1213 2031 nobis
1223 1970 1342 2033 sentire
1353 1972 1580 2052 suspicentur.

367 2050 460 2111 Hanc
474 2049 683 2129 suspicionem
699 2052 829 2130 penitus
844 2050 1001 2112 abolitam
1016 2070 1084 2112 csse
1099 2050 1208 2125 velim,
1225 2072 1290 2114 non
1305 2059 1440 2115 tantum
1456 2064 1579 2121 noetra

367 2150 464 2194 causa
481 2131 537 2193 sed
557 2131 662 2194 multo
680 2133 782 2212 magis
801 2132 930 2212 publico
948 2131 1130 2195 studiorum
1147 2134 1298 2207 nomine;
1329 2134 1372 2195 ad
1391 2154 1479 2215 quae
1499 2158 1578 2219 pro·

366 2213 513 2276 uehonda
537 2231 728 2294 magnopere
752 2214 852 2276 refert
876 2221 915 2276 vt
938 2215 996 2294 qui
1019 2214 1094 2277 huic
1118 2216 1249 2295 negocio
1272 2223 1398 2279 nauant
1423 2239 1575 2299 operam,

365 2297 452 2357 inter
464 2316 532 2357 sese
548 2302 661 2357 mutua
676 2295 902 2358 beneuolentia
915 2295 1130 2358 foederentur.

321 2400 350 2452 25
406 2377 512 2439 Audio
535 2378 750 2440 christianiss.
776 2377 897 2457 Regem
919 2377 1062 2457 impense
1085 2378 1194 2441 fauere
1217 2379 1404 2442 rectioribus
1429 2383 1577 2447 studiis:

366 2479 462 2540 quem
479 2461 508 2521 si
525 2467 715 2533 currentem,
735 2467 773 2521 vt
790 2461 895 2533 aiunt,
913 2460 1139 2535 exstimuletis,
1158 2460 1284 2524 ooniido
1301 2481 1368 2524 nem
1385 2462 1577 2530 felicissime

365 2560 534 2604 cessuram.
569 2541 668 2603 Crede
682 2542 770 2614 mihi,
783 2561 849 2603 non
862 2541 929 2602 alia
940 2562 990 2604 ros
1003 2543 1105 2622 magis
1118 2541 1256 2606 offuscat
1266 2543 1361 2607 istius
1373 2545 1575 2612 Academiae

364 2624 509 2704 gloriam,
528 2642 627 2704 quam
644 2623 733 2703 quod
749 2625 901 2685 iuuentus
918 2625 976 2686 vix
992 2631 1125 2705 giutata
1140 2626 1362 2704 grammatica,
1380 2629 1511 2707 rapitur
1528 2630 1574 2691 ad

365 2706 559 2786 sophisticen
668 2725 707 2767 ue
737 2704 923 2785 disciplinas
953 2705 1070 2785 quibus
1100 2714 1268 2770 armantur
1297 2708 1340 2770 ad
1371 2708 1573 2789 palaestram

319 2809 353 2860 ³0
364 2725 724 2850 scholasticamloedunt
742 2787 818 2849 illae
837 2786 968 2867 quidem
989 2788 1260 2851 adiudicandum
1280 2789 1499 2854 conducibiles
1512 2814 1521 2865 3
1534 2801 1574 2856 at

363 2869 544 2949 linguarum
563 2870 705 2949 cognitio
725 2868 914 2948 simpliciter
933 2876 984 2932 est
1003 2871 1191 2934 necessaria.
1232 2869 1362 2953 Absque
1382 2872 1572 2938 dialectices

364 2953 482 3031 peritia
507 2951 603 3013 multi
627 2958 713 3014 recte
738 2950 905 3024 iudicant3
944 2952 1026 3013 citra
1050 2954 1205 3015 sermonis
1230 2954 1445 3033 cognitionem
1471 2976 1571 3018 nemo

364 3039 473 3113 potest
497 3033 549 3095 vel
572 3033 749 3112 intelligere
774 3033 860 3112 quod
887 3033 980 3095 audit
1004 3041 1062 3095 aut
1085 3034 1174 3114 legit.
1220 3034 1320 3097 Initio
1344 3035 1571 3101 reolamabunt

364 3114 520 3187 nonnulli,
537 3133 649 3177 verum
664 3116 693 3176 is
709 3114 869 3177 tumultus
886 3135 961 3177 mox
978 3115 1175 3178 consilesoet.
1212 3117 1419 3180 quentutem
1436 3138 1568 3183 omnem

318 3217 348 3269 35
364 3195 519 3257 habemus
554 3216 699 3275 pronam.
756 3196 903 3259 Seniores
938 3198 995 3277 qui
1030 3197 1206 3278 publicitus
1241 3199 1445 3278 obstrepunt,
1481 3200 1567 3263 clam

364 3278 519 3339 affectant
534 3277 616 3338 hano
633 3279 844 3341 accessionem
860 3278 1051 3341 studiorum.
1089 3279 1263 3343 Declarant
1278 3281 1338 3343 hoo
1354 3279 1569 3361 Hoghsstrati

361 3358 474 3430 libelli,
489 3359 544 3437 qui
558 3358 719 3437 prodeunt
731 3360 835 3422 indies
849 3360 1010 3434 cultiores,
1025 3367 1189 3424 testantur
1201 3370 1236 3424 et
1249 3362 1374 3425 Sutoris
1386 3370 1421 3425 et
1435 3363 1568 3427 Beddae

363 3440 492 3519 scripta.
535 3440 620 3513 Quin
639 3448 674 3503 et
693 3442 760 3521 ipse
781 3442 967 3505 Olithoueus
987 3442 1155 3523 eliquanto
1175 3444 1307 3524 politius
1327 3444 1437 3507 scribit
1457 3444 1567 3510 solito.

363 3523 474 3601 Neque
490 3521 625 3602 negligit
640 3523 709 3585 stili
724 3523 921 3585 mundiciam
938 3523 1102 3586 Latomus.

314 3625 350 3673 40
405 3603 577 3684 longolius
587 3612 663 3667 ante
673 3605 759 3666 diem
770 3606 862 3667 nobis
872 3614 1011 3685 ereptus,
1027 3606 1222 3687 praeclaram
1234 3608 1417 3687 opinionem
1432 3608 1568 3688 reliquit

363 3685 450 3765 apud
466 3686 578 3758 Italos,
595 3687 682 3766 quod
697 3686 796 3749 fuerit
811 3688 1046 3750 Ciceronianus.
1084 3688 1129 3750 Et
1144 3696 1254 3751 tamen
1269 3690 1428 3751 neminem
1445 3690 1568 3753 exiliis

363 3768 489 3848 prodire
513 3768 608 3830 video
631 3770 687 3848 qui
710 3790 784 3831 vere
806 3770 926 3831 referat
948 3769 1141 3843 Ciceronem,
1164 3770 1227 3832 nisi
1249 3770 1379 3833 bractea
1401 3771 1567 3835 duntaxat

362 3850 517 3912 orationis
540 3869 577 3911 ac
600 3850 741 3912 verbulis
762 3850 889 3931 aliquot
910 3851 1047 3913 selectis.
1091 3851 1153 3926 Qui
1175 3853 1254 3916 mibi
1275 3859 1383 3915 totum
1405 3853 1568 3917 Ciceronis

362 3939 474 4011 pectus
492 3932 602 4004 reiert,
620 3934 649 3993 is
667 3953 741 3994 vere
760 3932 986 3995 Ciceronianus
1004 3940 1064 3994 est.
1105 3933 1166 3995 Est
1184 3933 1308 3997 Romae
1326 3934 1440 3997 chorus
1458 3936 1566 3999 erudi·

314 4033 347 4084 ⁴5
361 4020 469 4075 torum
486 4015 543 4092 qui
559 4015 616 4074 vix
632 4014 741 4110 tenant
757 4033 875 4075 nomen
892 4013 1124 4111 Germanorum
1141 4022 1200 4078 aut
1216 4015 1392 4113 Gallorum.
1431 4015 1567 4114 liabent

361 4094 962 4258 ,inultmttsslltttltlt
977 4105 1365 4260 intinniit}
1379 4108 1568 4261 ..bitti

395 4442 418 4491 7.
437 4426 587 4490 Laroamm]
598 4429 637 4480 cf.
650 4430 700 4494 Ep.
716 4445 788 4494 1733·
804 4444 892 4493 roz-3.
989 4445 1052 4497 1733
1064 4430 1171 4489 introd.,
1187 4444 1258 4496 1795.
1274 4445 1329 4496 1·3·

394 4495 418 4542 8.
436 4492 575 4559 compede]
584 4494 624 4547 (tr.
636 4496 701 4547 Hor.
713 4496 742 4546 0.
752 4511 778 4557 4.
792 4509 918 4559 11.23-4.
1019 4500 1060 4560 36.
1079 4496 1264 4563 Hughestrati]
1296 4497 1349 4549 For
1380 4498 1427 4551 the
1459 4499 1504 4551 list
1537 4502 1568 4553 oi

398 4573 436 4609 ιο.
454 4558 562 4611 Nouum
578 4560 791 4623 Testamentum]
806 4562 855 4613 See
866 4562 935 4626 Epp.
984 4563 1095 4614 authors
1108 4563 1179 4614 cited
1191 4562 1254 4615 hera
1267 4563 1331 4615 with
1344 4564 1450 4617 disdain
1462 4564 1496 4616 oi.
1511 4564 1565 4633 Ep.

363 4636 435 4740 153:
449 4628 626 4753 ffiss’nlssffiffl]
656 4693 690 4743 In
719 4691 765 4743 the
795 4697 872 4743 notes
902 4709 937 4743 on
987 4632 1059 4755 ¹733:
1073 4631 1376 4773 llo-dgoliusfflee'EpA
1415 4710 1437 4747 r.
1451 4699 1544 4759 59-62.

359 4756 433 4807 Lulre
458 4770 480 4807 1.
503 4771 529 4817 4,
555 4760 594 4808 16.
618 4760 669 4818 263
701 4773 747 4824 pp.
773 4771 863 4823 144-5,
889 4772 935 4818 192
1016 4773 1091 4823 44-5.
1111 4760 1206 4811 chorus
1232 4759 1397 4812 eruditorum
1434 4761 1484 4813 Sea
1509 4761 1563 4828 Ep.

358 4823 445 4885 (1516,
459 4838 477 4887 p
497 4860 504 4873 .
519 4825 597 4885 316-1
619 4862 626 4883 ,
641 4824 709 4886 343).
986 4824 1263 4889 1479.19n,andoi.ll
1283 4840 1374 4891 ·179¹·
1385 4829 1564 4891 37-41‚62—3.

397 4888 433 4938 18.
517 4890 522 4901 ’
633 4889 647 4939 1
671 4893 771 4939 cannot
796 4889 850 4939 lind
875 4889 937 4940 that
1015 4893 1057 4952 46.
1076 4842 1431 4958 coryphaeumfdleanden
1457 4891 1491 4941 ci.
1509 4891 1563 4957 Ep.

358 4951 483 5004 Budaeus
493 4954 573 5005 acted
583 4971 655 5020 upon
667 4954 721 5004 this
732 4956 892 5019 suggestion.
985 4957 1057 5017 1840.
1093 4957 1149 5009 But
1160 4957 1285 5009 Budaeus
1293 4956 1504 5009 misunderatood
1514 4956 1563 5010 tho

393 5031 433 5081 25·
451 5018 627 5071 Chnstiamm
657 5019 768 5086 Regem]
796 5020 835 5073 (li.
865 5020 935 5087 Epp.
981 5021 1113 5084 allusion;
1134 5023 1346 5088 seeEp.1812n.
