3534 5984
361 678 422 740 292
717 677 910 740 Ln'i'rnlzs
933 677 989 740 OF
1009 676 1209 741 ERASMUS
1471 680 1567 756 [1526

361 843 574 924 complacui’,
595 851 624 908 ἐν
646 844 844 928 ᾢώδόῃῃαε
872 841 1037 923 perillum
1056 843 1142 904 euim
1160 841 1268 922 coepit
1282 846 1403 907 εὐδοκεῖν
1417 864 1452 905 er
1473 863 1494 904 a
1507 864 1567 906 nos

362 925 418 1007 qui
441 925 568 989 Christo
591 944 649 1005 per
671 925 870 1005 baptismum
892 924 1071 997 inserimur,
1094 924 1312 1005 efficimurque
1335 944 1408 986 cum
1432 927 1438 940 '
1467 946 1486 986 ο
1509 924 1567 988 filii

303 1006 571 1081 construeres
592 1007 666 1070 Iesu
687 1007 815 1070 christi.
858 1007 905 1069 Et
924 1006 1076 1068 conuenit
1095 1007 1250 1068 sermonis
1273 1013 1397 1086 tropus,
1421 1008 1476 1069 ‘in
1500 1027 1566 1088 quo

361 1088 591 1170 complacitum
605 1094 656 1151 est
670 1090 749 1151 mihi
762 1089 770 1115 '
785 1095 821 1151 et
836 1089 845 1114 ‘
857 1089 893 1151 in
907 1089 1091 1151 hominibus
1106 1092 1216 1153 εὐδοκία
1228 1088 1247 1149 ’.

403 1172 576 1235 Ostensum
609 1177 660 1235 est
695 1171 936 1233 distinctionem
971 1171 1071 1232 trium
1107 1169 1337 1249 perticulsmm
1373 1191 1442 1233 esse
1478 1172 1566 1251 apud

361 1253 510 1327 Graecos,
524 1254 783 1316 demonstratum
797 1259 848 1315 est
861 1253 937 1315 addi
951 1252 1221 1333 praepositionem
1236 1262 1286 1324 ἑν;
1313 1272 1397 1332 quae
1415 1253 1442 1314 si
1461 1254 1565 1328 abest,

360 1336 447 1397 idem
459 1342 571 1398 tamen
582 1340 667 1397 esset
678 1355 799 1408 sensus,
811 1334 889 1397 licet
899 1353 1004 1396 sermo
1016 1334 1135 1396 durior.
1169 1332 1377 1396 Declaratum
1389 1341 1440 1397 est
1451 1353 1566 1415 pacem

301 1448 347 1500 125
361 1418 424 1479 Dsi
438 1417 628 1480 distinctam
644 1437 664 1478 a
679 1437 759 1497 pace
775 1415 909 1478 mundi:
937 1417 1117 1479 indicatum
1132 1422 1183 1478 est
1198 1416 1336 1478 eundem
1351 1437 1420 1479 esse
1435 1437 1565 1479 sensum

361 1499 429 1563 siue
443 1499 531 1580 legas
548 1499 682 1580 ‘pacem
697 1500 801 1562 bonae
816 1498 997 1560 voluntatis
1010 1500 1029 1571 ',
1045 1499 1114 1560 siue
1131 1498 1265 1578 ‘pacem
1280 1497 1399 1560 bonam
1415 1498 1565 1561 volunta

361 1582 474 1655 tem’;
520 1580 793 1663 quemadmodum
827 1580 963 1642 dicimus
998 1580 1132 1642 ‘vrbem
1167 1580 1326 1641 Romam’
1361 1585 1396 1642 et
1430 1581 1565 1643 ‘vrbem

362 1663 519 1726 Romae’.
567 1664 619 1725 Ex
645 1663 762 1743 quibus
788 1662 999 1742 probabiliter
1024 1662 1183 1742 colligitur
1208 1662 1405 1724 orthodoxos
1431 1662 1566 1725 Latinos

360 1745 447 1889 ider?
467 1744 580 1889 legisse
599 1745 687 1825 quod
707 1764 766 1806 nos
784 1743 928 1825 legimus,
947 1763 1006 1806 nec
1025 1764 1046 1805 a
1064 1743 1194 1805 Graecis
1212 1763 1307 1805 sensu
1326 1744 1489 1817 dissidere,
1508 1746 1565 1806 sed

302 1859 312 1896 1
362 1828 469 1890 veris
508 1831 659 1889 untaxat.

316 1859 350 1910 ³⁰
402 1910 493 1971 Hmc
505 1914 575 1970 tam
588 1908 762 1981 euidentia,
774 1914 845 1970 tam
857 1907 973 1981 multa,
986 1908 1013 1968 si
1025 1908 1169 1969 nondum
1182 1908 1387 1970 satisfaciunt
1399 1908 1564 1988 vitilitiga·

360 1989 497 2064 toribus,
508 1996 686 2070 sequantur
696 1990 863 2070 vulgatam
872 1988 1053 2063 lectionem,
1065 2009 1164 2070 quam
1174 2009 1240 2052 non
1251 1989 1385 2070 suggillo
1398 2010 1406 2063 3
1429 2010 1564 2071 sequau-

361 2078 417 2134 tur
441 2071 561 2145 Bedae,
588 2070 708 2152 Lyrani
732 2079 767 2135 et
792 2072 940 2152 Hugonis
964 2072 1274 2151 interpretationem,
1301 2073 1358 2153 qui
1383 2072 1426 2134 ob
1452 2071 1565 2135 Graeci

360 2154 517 2216 sermonis
528 2154 725 2234 imperitiam
738 2174 804 2216 non
817 2153 1047 2216 intellexerunt
1067 2154 1146 2234 quid
1164 2154 1226 2216 sibi
1239 2153 1338 2217 veliet
1352 2174 1417 2215 vox
1432 2159 1542 2219 εὐδοκία
1556 2177 1563 2229 ;

301 2266 347 2319 135
360 2254 420 2298 nec
433 2236 511 2297 mihi
597 2235 690 2297 ulent
700 2255 769 2299 esse
779 2234 897 2309 fraudi,
910 2236 937 2296 si
948 2235 1179 2316 chrysostomi,
1191 2237 1219 2297 si
1229 2235 1464 2317 Theophylacti
1475 2237 1564 2316 piam

361 2336 400 2380 ao
419 2318 523 2397 proba
544 2317 620 2380 ilem
641 2318 823 2398 opinionem
844 2318 1090 2391 communicem,
1111 2317 1293 2399 relinquens
1312 2318 1448 2380 liberum
1469 2338 1564 2381 suum

361 2398 476 2479 cuique
502 2399 668 2461 iudicium.
716 2399 789 2462 'libi
817 2420 895 2462 vero
922 2398 1043 2479 duplici
1070 2401 1199 2462 nomine
1226 2400 1342 2463 debere
1369 2420 1421 2463 me
1447 2400 1564 2475 fateor,

360 2482 501 2562 primum
533 2482 623 2562 quod
653 2488 713 2544 tua
745 2482 925 2563 disputatio
952 2501 1005 2544 me
1031 2483 1217 2562 prouocarit
1244 2489 1283 2544 vt
1309 2502 1377 2544 rem
1405 2484 1564 2546 attentius

358 2564 558 2645 inspicerem,
589 2564 706 2626 deinde
736 2563 825 2645 quod
855 2565 1032 2626 amicorum
1062 2583 1207 2626 meorum
1237 2584 1406 2627 numerum
1437 2566 1565 2627 auxeris

300 2678 348 2729 140
359 2646 489 2710 nomine
520 2665 727 2727 nequaquam
759 2647 965 2727 poenitendo.
1019 2646 1173 2727 Superest
1204 2653 1243 2708 vt
1276 2647 1402 2709 Erasini
1434 2667 1563 2728 quoque

359 2747 478 2791 nomen
498 2729 659 2791 intereos
680 2748 793 2810 ponas,
816 2748 899 2809 quos
920 2748 961 2791 ex
983 2728 1092 2791 auimo
1113 2734 1189 2790 tuos
1210 2748 1278 2791 esse
1300 2735 1407 2809 putas.
1453 2729 1563 2791 Habes

357 2809 530 2955 mlum
547 2811 685 2907 fortasse
703 2810 883 2907 breuiorem
902 2829 1001 2907 quam
1019 2810 1128 2908 velles,
1147 2810 1203 2954 ἒξ
1222 2830 1321 2955 ᾳυῖιπι
1339 2811 1472 2873 fatearis
1490 2831 1562 2892 pro·

399 2894 1112 3051 sdiffliullinffllllsstllnum'
1196 2913 1272 2955 Μ
1304 2914 1331 2955 ⁰·

652 3147 746 3209 1681.
792 3144 900 3210 ibon
923 3144 1097 3211 Enesuus
1121 3144 1270 3212 Scnnrs.

394 3255 575 3327 Ieipcigldfl.
656 3262 662 3267 ’
1332 3260 1474 3332 Antwerp.

394 3343 453 3400 llll.
464 3359 510 3413 49.
1293 3363 1324 3416 17
1338 3347 1435 3403 March
1449 3351 1526 3418 1526.

391 3480 445 3545 [An
467 3482 577 3547 original
599 3482 686 3542 letter,
709 3484 858 3549 autograph
880 3483 1062 3550 throughout:
1096 3483 1182 3535 which
1203 3484 1245 3535 for
1267 3499 1339 3536 some
1361 3500 1462 3544 reason,
1486 3487 1564 3539 when

357 3545 457 3598 Sobete’
470 3546 561 3598 letters
572 3564 639 3599 were
650 3547 745 3613 picked
755 3555 803 3600 out
814 3550 842 3600 of
852 3549 899 3601 tbe
909 3549 1014 3615 general
1025 3548 1123 3601 bundle
1134 3550 1163 3601 oi
1172 3549 1249 3601 those
1258 3550 1377 3601 received
1389 3550 1426 3616 by
1436 3551 1563 3604 Erasmus

357 3611 411 3663 aud
422 3612 500 3664 made
510 3614 569 3664 into
579 3629 596 3664 e
607 3618 729 3679 seponto
739 3615 878 3667 collection
890 3615 943 3677 (see
954 3616 1004 3682 llp.
1021 3629 1081 3680 1541
1095 3615 1216 3679 introd.),
1227 3631 1310 3667 oeems
1325 3621 1355 3666 to
1366 3616 1435 3667 bave
1449 3619 1563 3684 escaped

356 3680 453 3730 nobee
481 3678 691 3746 contemporary
702 3679 766 3731 with
777 3679 827 3747 Ep.
842 3683 926 3746 itta]

950 3827 973 3872 ÷

397 3892 430 3955 S.
443 3891 492 3966 P,
512 3892 693 3973 gratissime
712 3892 842 3956 domine
862 3894 1005 3957 Erasme.
1047 3893 1244 3973 iampridem
1264 3895 1417 3976 scr(i>psi
1436 3897 1498 3958 tibi
1519 3897 1562 3960 ob

355 3979 486 4037 tantam
510 3974 624 4036 Harsti
646 3975 698 4037 tui
719 3975 755 4038 in
779 3974 897 4056 Anglis
919 3996 1044 4039 moram
1068 3997 1174 4039 meam
1199 3975 1468 4052 admirationem
1504 3979 1561 4041 sed

355 4055 490 4118 tandem
507 4056 604 4119 rediit
616 4056 736 4131 saluus,
750 4057 933 4138 detulitque
950 4059 1048 4121 michi
1066 4057 1108 4120 ab
1125 4058 1246 4120 Aluaro
1259 4058 1374 4123 (lastro
1390 4059 1562 4141 epistolam

357 4157 423 4218 qua
449 4137 599 4201 notificor
626 4138 668 4200 ab
696 4138 809 4202 eodem
837 4139 960 4202 Harsto
987 4145 1047 4202 tuo
1073 4140 1203 4202 nomine
1230 4140 1387 4221 recepisse
1416 4148 1562 4205 scutatos

329 4220 491 4302 5triginta
507 4238 625 4282 nouem
644 4240 718 4281 cum
735 4221 852 4284 nobilis
869 4221 1011 4303 Anglicis
1028 4221 1148 4284 decem.
1188 4221 1283 4284 Hanc
1300 4224 1471 4303 pecuniam
1488 4243 1560 4304 pro-

356 4299 476 4363 curabo
489 4301 605 4363 minon'
615 4300 747 4364 foenore
758 4323 824 4383 quo
836 4309 960 4385 potero,
974 4303 1016 4365 ab
1026 4303 1115 4365 illinc
1127 4304 1254 4366 extrahi
1268 4324 1275 4377 ;
1300 4324 1339 4367 ac
1351 4323 1417 4385 quo
1429 4304 1561 4368 celerius

356 4381 550 4461 liberiusque
569 4388 604 4443 te
626 4382 733 4457 adeat,
755 4386 887 4447 iamiam
907 4385 957 4448 his
970 4386 1032 4529 gui
1050 4384 1257 4448 Francfordie
1274 4392 1353 4448 sunt
1370 4389 1434 4448 mei
1452 4407 1561 4462 causa,

356 4463 468 4543 scripsi
481 4462 568 4526 bisce
582 4464 735 4527 nundinis
749 4468 957 4548 septuaginta
993 4487 1036 4530 uo
1050 4466 1186 4530 florenos
1201 4487 1314 4531 aureos
1328 4467 1487 4532 Frobenio
1501 4477 1561 4533 tuo

356 4546 486 4607 nomine
513 4545 605 4607 dari:
641 4565 719 4608 nam
745 4547 792 4609 bii
818 4549 953 4629 pecunie
975 4549 1028 4612 ills
1052 4549 1212 4632 legittimo
1236 4549 1340 4613 veleri
1363 4552 1560 4633 equiualent.

313 4657 344 4696 10
356 4626 484 4689 Retulit
495 4627 593 4689 michi
603 4627 745 4690 Harstus
755 4628 889 4693 Petrum
900 4630 1053 4714 Egidium
1063 4632 1285 4696 exhorteuisse
1295 4651 1355 4713 pro
1367 4634 1494 4696 ratione
1504 4641 1561 4698 tue

355 4709 489 4790 pecunie
510 4707 599 4787 apud
618 4709 705 4772 huno
724 4710 891 4792 deposite;
924 4715 981 4794 qui
1000 4713 1051 4775 liis
1070 4712 1223 4776 nundinis
1242 4712 1561 4778 Franciordiensibus

355 4809 413 4871 per
426 4788 634 4852 Frsnciscum
647 4790 733 4855 illius
747 4793 881 4857 iretrem
896 4801 1065 4858 sexcentos
1079 4794 1215 4858 florenos
1230 4815 1344 4859 eureos
1358 4803 1417 4860 tuo
1432 4800 1561 4860 nomine

355 4872 426 4934 deri
436 4871 595 4935 Frobenio
607 4872 691 4937 dixit
701 4894 735 4937 se
745 4875 949 4955 disposuisse.
980 4876 1195 4958 Totidemque
1205 4880 1303 4941 michi
1314 4880 1451 4941 asseruit
1460 4880 1559 4941 etiam

391 5025 464 5075 1681.
485 5039 507 5075 1.
525 5024 695 5091 Iampridem]
708 5025 757 5093 Ep.
773 5030 844 5093 1671.
860 5028 949 5079 16-18.
1011 5041 1050 5079 12.
1068 5028 1246 5096 hircinum]
1258 5030 1367 5097 Seellp.
1382 5032 1452 5095 1⁶54·
1469 5042 1525 5092 1911.
