3534 5984
301 663 363 723 458
656 659 847 724 miuus
867 661 925 723 OF
943 659 1146 724 mosmos
1431 666 1511 742 [1527

257 854 288 891 ιο
301 828 450 890 debuerit
479 830 546 909 ipse
576 828 726 891 dominus
756 827 906 892 Decenm
933 829 1005 903 tibi,
1033 829 1114 891 dum
1145 829 1396 911 dmilioeuerit
1426 831 1509 894 michi

301 909 489 989 dederitque
514 910 642 971 cuidem
668 912 861 991 negotiatori
886 930 968 985 meo,
995 930 1092 991 quem
1117 910 1176 974 illo
1202 933 1246 974 ex
1348 916 1369 988 ⁰,
1396 915 1510 993 Brugis,

301 991 436 1053 efficiam
446 991 533 1070 quod
544 993 658 1054 solitus
668 1012 750 1066 sum,
760 992 923 1055 idesttibi
931 933 1358 1059 numerariis-siloem
1350 998 1511 1077 peoonim

301 1073 435 1146 sulum
452 1073 502 1134 vel
517 1073 567 1135 bis
580 1076 734 1154 proximis
747 1074 901 1136 nundinis
913 1074 1120 1137 Frsnoiordie
1133 1074 1349 1155 Hyeronimo
1364 1077 1510 1140 lli’obenei

301 1154 376 1217 filio.
422 1155 668 1217 Nudiustereius
696 1157 805 1236 scoepi
832 1157 1004 1237 epistolem
1017 1177 1071 1218 ·ex
1098 1155 1252 1220 londino
1278 1159 1328 1221 ab
1353 1159 1510 1221 Ludouieo

258 1261 266 1297 1
272 1263 284 1313 ς
300 1257 319 1299 e
337 1237 459 1310 Castro,
479 1257 547 1318 quy
565 1258 606 1299 ex
625 1238 784 1318 Episcopo
803 1238 1046 1317 londonen<si>
1065 1258 1099 1300 se
1117 1246 1176 1300 tuo
1196 1242 1370 1320 noeepisse
1387 1243 1509 1303 nomine

301 1326 470 1380 coronatos
486 1322 732 1400 quynqusginta
747 1322 893 1395 assensit,
910 1340 991 1400 quos
1006 1322 1105 1382 etism
1120 1321 1219 1382 simul
1235 1322 1366 1385 curabo
1381 1323 1453 1383 deri
1466 1321 1510 1383 bis

300 1401 453 1480 predictis
469 1402 630 1463 nundinis.

342 1483 479 1545 Gauisus
504 1503 576 1545 sum
601 1483 689 1563 quod
715 1483 910 1563 Portugsllie
935 1483 1016 1563 Regi
1040 1491 1170 1545 tuorum
1196 1503 1341 1563 operum
1366 1486 1510 1548 dedisse

301 1565 459 1644 quidquid
473 1566 659 1627 decreueris.
696 1565 770 1627 Non
784 1585 818 1626 es
832 1566 1034 1644 impensurus
1047 1583 1178 1644 operum
1191 1564 1323 1628 ir'ustre
1337 1588 1347 1639 ;
1375 1575 1510 1629 meretur

255 1670 287 1705 ω
301 1648 386 1706 enim
412 1648 569 1709 celsitudo
594 1648 649 1707 ille
673 1648 760 1725 regie
784 1646 904 1707 multos
928 1646 1050 1708 leudes.
1095 1645 1146 1707 De
1170 1647 1297 1726 origine
1324 1656 1363 1711 et
1387 1650 1510 1729 ingenio

301 1727 439 1790 bominis
455 1749 582 1809 queque
599 1728 684 1789 bone
699 1728 819 1789 dixeris
839 1729 1012 1808 attingent.
1051 1727 1112 1789 Est
1132 1727 1183 1789 bio
1203 1727 1349 1806 quidem
1370 1730 1510 1792 medicus

300 1808 423 1882 doctor,
437 1813 567 1871 notione
580 1809 792 1889 Portugullus,
805 1811 861 1888 qui
873 1817 987 1890 rogotu
999 1810 1120 1871 domini
1133 1808 1286 1871 Rodoriei
1299 1810 1509 1883 Ferdinendi,

300 1892 442 1951 eiusdem
461 1892 658 1952 celsitudinis
676 1892 726 1953 hio
744 1891 964 1971 negotiatoris,
983 1911 1021 1953 ao
1039 1911 1120 1965 meo,
1134 1893 1249 1970 queuis
1265 1889 1309 1952 de
1324 1893 1416 1954 illius
1430 1895 1511 1972 regie

300 1972 497 2033 celsitudinis
508 1975 607 2052 stirpe
618 1976 921 2054 progenitorumque
935 1992 1066 2035 suorum
1080 1972 1220 2053 preclaro
1233 1971 1337 2035 foetis
1350 1974 1510 2055 depinxit.

254 2077 283 2128 ²⁵
301 2051 438 2113 losnnes
465 2054 578 2115 Denus
606 2058 717 2117 mittet
743 2075 835 2117 exem
859 2055 936 2116 lum.
986 2054 1077 2117 Inter
1103 2062 1208 2116 cetere
1236 2073 1353 2134 posses
1379 2056 1511 2118 lsudsre

300 2135 465 2195 nationem
490 2135 573 2197 beno
598 2145 667 2198 tom
692 2140 773 2199 serio
798 2137 840 2198 bs
881 2145 972 2198 ntem
996 2136 1098 2198 bones
1121 2137 1257 2209 litteras,
1283 2143 1360 2198 tom
1385 2158 1511 2200 summo

299 2224 508 2278 venerantem
532 2218 734 2280 Facultatem
758 2219 981 2298 theologioem,
1006 2218 1224 2296 Oristiuneque
1248 2217 1418 2298 religionis
1443 2228 1510 2283 tem

299 2305 487 2360 strennuum
505 2301 670 2362 cultricem
685 2321 692 2371 ;
722 2320 785 2379 que
803 2308 910 2381 preter
926 2319 1060 2380 regnum
1077 2299 1164 2379 quod
1182 2306 1325 2378 occupet
1342 2304 1509 2381 exiguum,

299 2378 526 2455 Borberomm,
555 2382 839 2444 blechemistsrum
866 2382 1151 2462 ydolstrorumque
1177 2380 1291 2460 longus
1318 2382 1446 2446 limites
1469 2383 1511 2445 ed

253 2487 285 2538 φ,
300 2462 413 2525 Yndos
428 2465 633 2543 Melucesque
648 2464 768 2525 insulse
784 2482 885 2544 vsque
900 2464 1152 2543 prenominato,
1168 2482 1206 2524 ao
1221 2461 1320 2525 (bisti
1335 2463 1439 2527 fidem
1455 2486 1512 2546 per

299 2545 386 2606 orbis
407 2546 472 2606 lere
494 2546 647 2607 circulum
669 2547 805 2608 circuitu
826 2565 926 2626 perne
951 2547 957 2560 '
1023 2546 1066 2607 do
1088 2543 1343 2625 oeoupmdoque
1366 2548 1511 2626 promul·

299 2630 400 2705 guuit.
432 2628 481 2688 Tu
491 2648 602 2689 nosces
613 2628 759 2708 supplere
770 2636 886 2701 uetere,
896 2629 952 2706 qui
985 2626 1274 2689 sbesinfluentiem
1283 2629 1510 2709 notioinmque

299 2728 423 2769 summo
438 2712 542 2770 omnis
558 2711 625 2771 rei:
652 2729 690 2770 eo
707 2710 788 2771 vele.

342 2790 390 2851 Ex
403 2791 590 2871 Antuerpie.
623 2798 741 2871 quarto
751 2790 903 2852 iebruerii
916 2804 1005 2870 1527.

252 2897 281 2945 35
1038 2872 1137 2933 iiius.
1152 2872 1308 2933 Erasmus
1322 2871 1477 2938 Sohetus.

886 2985 909 3032 ἦ.

317 3052 855 3196 t1ricoiresspslsrobili<rectissimoque
873 3055 943 3115 viro
958 3053 1090 3115 domino
1106 3051 1241 3112 Eresmo
1264 3051 1509 3117 Rotterodemo

297 3154 315 3192 Θ
332 3154 359 3194 0.
468 3154 557 3196 leae.

561 3403 652 3464 1784.
699 3399 805 3464 Fnou
828 3397 1235 3465 N1ononssVnsuv1us.

334 3547 447 3603 Breslsu
461 3549 518 3603 MS.
532 3549 622 3606 Rebd.
638 3566 702 3621 ²54·
718 3566 782 3619 155.
1259 3551 1365 3622 Mussy.

333 3635 403 3691 EE'.
417 3653 463 3708 47.
1154 3639 1171 3691 8
1184 3638 1329 3709 February
1342 3643 1469 3712 (1527).

296 3858 302 3869 ·
328 3792 382 3855 [An
395 3793 507 3871 originel
523 3793 608 3852 letter,
625 3789 773 3856 sutogmph
789 3789 960 3856 thmughout.
975 3819 979 3826 ·
994 3790 1064 3843 Proi.
1082 3791 1223 3843 Enthoven
1238 3794 1261 3842 is
1277 3807 1312 3842 no
1327 3791 1417 3845 doubt
1433 3798 1511 3863 right

294 3858 510 3974 ludibildegulvtidld
523 3873 604 3974 izin:
616 3857 743 3973 mg
746 3895 860 3986 nothing
875 3936 947 3971 more
963 3921 1029 4000 then
1044 3923 1106 3973 tbst
1120 3922 1153 3973 he
1168 3938 1222 3975 was
1236 3923 1360 3989 obuplsin
1376 3931 1406 3975 to
1422 3927 1507 3984 Mieb.

295 3986 517 4117 31⁰&deth
531 3989 558 4039 ol
572 3990 685 4054 langres
699 3989 759 4054 (Ep.
777 3991 859 4050 1612).
891 3987 975 4090 Thme
987 3988 1102 4055 inendly
1114 3989 1205 4039 letters
1219 3989 1247 4041 oi
1260 3990 1386 4040 &minus
1401 3996 1434 4042 to
1448 3995 1508 4047 him

336 4193 454 4269 van
472 4196 690 4257 colendissimo
707 4196 848 4256 Erosme.
885 4194 1069 4258 Anthonius
1084 4197 1118 4257 in
1134 4213 1231 4256 oense
1246 4194 1310 4257 init
1324 4198 1505 4274 quominus

294 4283 402 4336 nostre
421 4276 512 4338 litere
531 4277 574 4338 ed
593 4284 627 4337 te
645 4278 741 4339 ierint
760 4278 975 4357 superioribus
994 4278 1117 4338 diebus.
1158 4277 1243 4339 Nem
1263 4296 1337 4339 eum
1356 4275 1418 4339 heo
1438 4279 1506 4342 iter

294 4355 355 4416 sibi
371 4365 455 4419 esset
471 4358 640 4431 Basilesm,
659 4359 774 4420 moluit
788 4359 893 4421 tribus
909 4365 967 4420 aut
983 4368 1124 4438 quotuor
1140 4359 1316 4421 milioribus
1333 4360 1421 4421 viem
1438 4362 1504 4425 sibi

293 4436 396 4498 isoere
416 4438 593 4501 breuiorem
613 4460 711 4519 quem
729 4461 789 4502 nos
806 4442 908 4504 visere
926 4448 960 4502 et
979 4442 1089 4502 emiois
1108 4441 1301 4504 sotisiooere.

265 4531 278 4582 5
334 4517 534 4599 scripsissem
560 4522 648 4601 quod
673 4522 770 4585 modo
796 4524 838 4585 ab
863 4522 934 4584 eliis
957 4522 1020 4584 tibi
1044 4524 1232 4586 nuntiatum
1257 4543 1325 4586 esse
1351 4530 1501 4600 autumo,

707 4696 778 4746 1783„
798 4707 838 4757 ²3·
856 4694 1076 4759 negotiatoriis.

326 4874 397 4923 17⁸3.
418 4874 454 4923 16.
470 4874 618 4937 coronatos]
628 4873 731 4937 SeeEp.
743 4876 813 4940 1781.
823 4886 865 4922 2n.
918 4869 977 4921 who
993 4870 1092 4921 oerried
1107 4871 1199 4922 letters
1216 4870 1334 4923 between
1350 4872 1427 4922 Besle
1443 4876 1499 4927 end

325 4952 365 4987 22.
384 4937 553 5003 Ferdinundi]
566 4939 613 4990 See
625 4939 674 5003 Ep.
691 4943 760 4991 1681.
775 4952 834 5003 51n.
918 4935 998 4987 Paris.
1027 4937 1265 4988 Hisnnmeooeurs
1273 4938 1499 5004 regularlyintbe

326 5003 397 5054 17⁸4.
420 5016 440 5055 1.
460 5004 619 5069 Anthonius]
641 5004 724 5066 Blets,
744 5020 761 5054 s
781 5004 866 5062 Seius,
916 5001 1008 5052 letters
1020 5008 1049 5053 to
1061 5003 1207 5056 Vesuvius:
1229 5003 1285 5055 eleo
1295 5006 1324 5055 in
1336 5004 1385 5069 lilp.
1401 5017 1473 5065 1922.
