3534 5984
381 710 443 772 306
739 704 933 768 LETTERS
956 704 1011 769 01³
1032 702 1233 767 ERASMUS
1497 700 1593 778 [1526

380 884 558 945 insectetur
570 900 652 963 opus
665 881 753 962 quod
768 882 917 943 Romam
928 878 1085 943 Pontificc
1099 885 1213 941 autore
1226 879 1361 957 suscepi,
1375 875 1464 956 quod
1478 874 1593 939 eodem

381 965 583 1045 approbante
601 964 729 1044 perfeci,
747 981 890 1044 proquo
907 963 986 1025 mihi
1002 967 1056 1025 tot
1072 962 1224 1042 episcopi,
1241 965 1295 1022 tot
1311 959 1453 1038 theologi
1470 961 1592 1039 gratias

381 1051 511 1127 agunt?
550 1047 595 1108 Et
610 1054 722 1109 tamen
737 1046 799 1108 hoc
815 1044 971 1126 quioquid
986 1050 1038 1107 est
1052 1046 1109 1119 rei,
1126 1044 1216 1105 nolui
1231 1048 1265 1104 te
1280 1042 1391 1114 latere,
1409 1048 1458 1115 vt,
1475 1043 1503 1102 si
1519 1060 1592 1103 meo

380 1130 503 1189 nomini
513 1129 677 1191 consulere
686 1146 752 1189 non
762 1129 908 1207 potestis,
920 1127 1035 1190 saltem
1045 1126 1156 1206 aliqua
1163 1125 1289 1187 ratione
1299 1129 1409 1186 vestra
1418 1122 1592 1203 prudentia

320 1215 366 1296 3³⁵
381 1209 433 1272 vel
446 1210 566 1272 ordinis
579 1211 692 1272 honori
705 1209 757 1272 vel
768 1211 869 1290 ipsius
881 1208 980 1271 saluti
992 1209 1177 1288 prospiciat.
1212 1206 1264 1268 Mc
1276 1206 1422 1286 posthac,
1436 1206 1591 1285 quoniam

381 1294 539 1372 perspicio
551 1312 619 1354 rem
632 1294 667 1354 in
681 1291 888 1354 maniiestam
902 1293 1004 1352 exisse
1017 1290 1150 1362 rabiem,
1165 1295 1295 1350 mutum
1307 1288 1453 1350 lacesset.

421 1373 510 1436 Bene
533 1373 616 1446 vale,
640 1380 675 1435 et
697 1375 783 1436 hunc
806 1372 1066 1453 peccatorculum
1089 1371 1230 1432 Domino
1253 1370 1502 1432 clementissimo
1523 1370 1591 1431 tuis

381 1455 530 1535 precibus
547 1456 748 1518 commenda.

421 1537 567 1599 Basileae
582 1539 722 1617 septimo
736 1538 788 1599 die
804 1536 923 1616 Aprilis
938 1534 1033 1597 Anno
1048 1550 1085 1596 u.
1099 1551 1133 1596 u.
1147 1550 1242 1596 xxvi.

708 1742 803 1804 1688.
849 1735 903 1803 To
925 1736 1074 1802 Maurus
1098 1735 1262 1801 Luuuua.

417 1893 496 1965 Opus
507 1892 701 1965 Epistolarum
713 1910 741 1963 p.
755 1895 817 1949 828.
1393 1890 1483 1947 Basle.

416 1981 452 2038 N.
465 1998 493 2051 p.
505 1996 578 2050 790:
603 1981 692 2037 Ioud.
706 1981 764 2036 xxi
776 1984 831 2037 28:
856 1980 913 2037 LB.
926 1982 989 2037 806.
1336 1995 1364 2033 11
1382 1978 1463 2048 April
1475 1980 1553 2047 1526.

414 2116 482 2179 [The
496 2131 598 2167 anrwer
612 2119 642 2167 to
657 2134 673 2167 a
688 2116 768 2168 letter
782 2116 810 2168 oi
822 2116 931 2176 Luther,
944 2120 994 2167 not
1005 2120 1119 2177 extent3
1132 2117 1179 2168 the
1192 2116 1369 2168 characteres
1381 2115 1467 2166 which
1479 2131 1543 2181 may
1556 2116 1589 2167 hc

380 2182 760 2248 gathcredircmlhss-rbend
768 2183 811 2248 Ep
830 2185 1085 2248 .1697.12-15,171
1107 2219 1113 2233 .
1125 2196 1204 2245 42-4,
1218 2197 1228 2233 1
1266 2197 1290 2246 3.
1304 2182 1587 2248 28-32,1770.58-60,

380 2247 415 2298 ct.
427 2248 483 2299 also
538 2285 545 2299 .
561 2251 633 2308 1⁶90.
647 2249 723 2311 ²3·⁶·
760 2248 794 2299 Iu
867 2247 1070 2313 Hypeecapietee
1084 2196 1122 2310 gr
1138 2252 1206 2299 206:
1225 2196 1279 2299 iis.
1296 2262 1322 2298 x.
1338 2250 1449 2325 1486110)
1461 2247 1588 2299 Erasmus

381 2317 463 2365 wrote
473 2330 480 2363 ι
500 2312 508 2334 ⁸
544 2329 579 2364 on
589 2318 631 2365 set
639 2328 714 2365 meae
722 2314 859 2365 ciuilitatie
867 2314 911 2364 hic
922 2315 1033 2365 recture
1044 2314 1148 2365 litteras
1156 2329 1223 2380 quas
1231 2328 1294 2364 mox
1302 2312 1376 2364 edito
1384 2312 1452 2364 libro
1461 2314 1589 2377 priuatim

380 2378 417 2429 ad
424 2394 467 2430 me
475 2380 589 2444 scripsit,
597 2380 627 2430 in
637 2379 735 2445 quihus
746 2379 796 2431 hoc
807 2381 872 2458 agit,
885 2383 917 2430 vt
927 2380 978 2445 ipsi
989 2381 1089 2444 gratias
1097 2394 1175 2445 agam
1183 2378 1256 2445 quod
1265 2383 1322 2429 tam
1331 2379 1416 2430 amice
1424 2377 1588 2444 candideque

380 2449 592 2496 metrectuset:
613 2444 1307 2511 longealitersenpturueeicumhoeteiuissctres’.

413 2509 537 2561 Luther’s
553 2526 571 2575 p
681 2510 819 2576 evidently
834 2527 889 2562 was
903 2516 934 2561 to
949 2511 1071 2576 mitigate
1087 2511 1133 2562 the
1149 2511 1317 2575 indignatiou
1332 2509 1394 2561 that
1410 2510 1444 2560 he
1459 2525 1493 2561 ex
1542 2509 1589 2561 ted

379 2574 507 2627 Bruuius
519 2579 549 2626 to
560 2526 708 2627 imunt
720 2576 767 2627 the
779 2576 818 2627 De
831 2592 905 2627 seruc
917 2576 1022 2627 arbitrio
1034 2576 1095 2642 (Ep.
1113 2576 1309 2693 ιόόίἰὲποὰ),
1322 2575 1377 2627 aud
1389 2575 1411 2626 ii
1423 2577 1493 2642 possi
1513 2575 1545 2634 le,
1559 2580 1589 2627 to

379 2645 492 2707 prevent
509 2642 566 2692 him
584 2641 653 2692 from
671 2643 827 2707 contiuuing
845 2641 892 2693 the
911 2647 1083 2708 controversy
1101 2642 1146 2704 (ci.
1214 2645 1231 2693 ⁸.
1254 2643 1338 2705 1046).
1375 2641 1431 2692 The
1450 2639 1589 2708 year-date

379 2721 444 2773 may
454 2707 586 2759 therefore
598 2706 632 2758 be
643 2706 790 2773 accepted]

631 2847 785 2893 ERASMVS
805 2847 881 2892 RO'l'.
904 2847 1058 2892 murno
1079 2847 1236 2892 avumo
1257 2846 1284 2892 S.
1299 2846 1332 2890 D.

420 2945 510 3009 Suro
526 2946 656 3008 reddita
671 2952 722 3009 est
737 2950 796 3007 tua
812 2946 971 3026 epistola;
1000 2965 1084 3026 quae
1100 2948 1127 3007 si
1143 2948 1284 3008 maxime
1300 2947 1442 3008 venisset
1456 2947 1491 3007 in
1506 2952 1587 3008 tem·

379 3046 466 3107 pore,
484 3028 564 3089 nihil
582 3048 633 3089 me
649 3029 887 3090 commonisset.
925 3027 1000 3090 Non
1016 3048 1088 3090 sum
1105 3047 1207 3109 usque
1225 3027 1306 3090 adso
1322 3027 1453 3170 puerilis
1468 3030 1587 3109 ingenii

379 3113 418 3169 vt
438 3113 490 3169 tct
510 3109 698 3171 vulneribus
717 3108 849 3171 inflictis
873 3109 1047 3189 plusquam
1072 3109 1278 3189 capitalibus,
1305 3127 1414 3189 pacer
1437 3129 1505 3171 vna
1527 3116 1587 3172 aut

379 3188 482 3252 altera
506 3189 667 3263 facetiola,
694 3190 855 3271 palpoque
881 3190 1026 3254 deliniar.
1074 3190 1171 3254 cinus
1195 3192 1316 3272 ingenii
1341 3193 1384 3253 sis
1408 3193 1476 3253 iam
1501 3191 1588 3254 orbis

350 3292 364 3346 5
378 3271 493 3343 nouit;
517 3271 629 3333 stilum
641 3291 718 3333 vero
729 3274 775 3333 sic
786 3275 976 3353 temperasti
988 3279 1027 3334 vt
1038 3274 1195 3335 hactenus
1205 3274 1241 3335 in
1252 3274 1413 3336 neminem
1425 3274 1587 3354 scripseris

378 3352 545 3426 rabiosius,
564 3354 664 3415 immo
683 3352 772 3433 quod
789 3360 841 3416 cst
858 3354 1091 3429 detestabilius,
1111 3354 1315 3418 melicicsius.
1356 3355 1418 3417 Hic
1437 3355 1588 3417 videlicet

378 3433 440 3496 tibi
463 3436 621 3497 succurrit
643 3442 677 3499 te
700 3441 903 3515 peccatorem
925 3436 1089 3499 infirmum
1112 3457 1190 3511 esse,
1214 3454 1317 3517 quum
1340 3437 1419 3499 aliae
1443 3436 1587 3517 postules

377 3520 510 3577 tantum
520 3536 587 3579 non
600 3535 660 3598 pro
670 3518 740 3580 Deo
755 3517 878 3580 haberi.
916 3518 961 3581 Es
976 3519 1085 3593 homo,
1102 3526 1140 3580 vt
1155 3520 1277 3594 scribis,
1295 3519 1478 3582 vehementi
1494 3537 1585 3598 prac-

378 3597 467 3660 ditus
489 3600 524 3660 iu
562 3601 627 3673 nio,
652 3607 686 3663 et
709 3606 900 3680 argumento
922 3606 993 3663 tam
1015 3602 1133 3681 insigni
1155 3600 1334 3665 delectaris.
1380 3599 1465 3675 Quin
1487 3602 1587 3681 igitur

335 3680 476 3742 mistam
498 3618 603 3743 eugubii
623 3681 721 3744 bilem
743 3686 869 3747 &traco
890 3683 956 3745 iam
978 3682 1103 3763 pridem
1123 3682 1312 3746 effundebas
1331 3684 1367 3744 in
1389 3683 1587 3763 Episcopum

329 3821 333 3826 .
378 3759 563 3825 Rcffensem
581 3766 692 3827 autin
709 3763 910 3828 Oochleumt
941 3766 998 3845 qui
1014 3770 1048 3827 tc
1065 3766 1259 3826 nominatim
1277 3764 1444 3845 appellant
1460 3771 1495 3827 et
1512 3785 1585 3827 con·

377 3844 470 3905 uiciis
495 3844 668 3918 lacessunt,
696 3864 798 3925 quum
824 3866 899 3909 mea
925 3845 1076 3909 Diatriba
1102 3847 1240 3909 ciuiliter
1266 3847 1451 3927 disputarit.
1502 3846 1587 3921 Quid

378 3930 489 3987 antem
503 3926 630 3988 iaciunt
646 3926 689 3989 ad
705 3933 932 4008 argumentum
947 3934 1001 3990 tot
1016 3928 1161 3990 scurrilia
1175 3929 1331 4004 conuicia,
1348 3935 1402 3991 tot
1417 3929 1588 3991 criminosa

378 4006 556 4082 mendacia,
573 4028 625 4070 ms
639 4011 723 4072 ἄθεον
738 4029 816 4084 csse,
833 4029 886 4072 ms
902 4010 1108 4090 Epicureum,
1125 4030 1177 4073 me
1192 4011 1371 4090 scepticum
1385 4012 1421 4072 in
1436 4010 1487 4073 his
1502 4030 1587 4090 quac

258 4128 262 4136 ·
334 4112 344 4149 1
350 4111 364 4164 ς
377 4094 456 4150 sunt
474 4088 675 4152 Christianae
693 4091 909 4171 professionis,
928 4111 981 4153 me
999 4092 1224 4172 blasphemum
1242 4111 1321 4166 csse,
1340 4098 1376 4154 et
1416 4091 1473 4154 uid
1491 4097 1585 4153 non?

377 4176 506 4249 praeter
518 4171 583 4233 elia
596 4171 700 4234 multa
713 4192 797 4253 quae
808 4175 933 4235 retices.
970 4173 1060 4249 Quae
1072 4173 1203 4253 quidem
1216 4173 1277 4236 hcc
1290 4112 1484 4248 leuiuslero,
1521 4174 1587 4236 uod

376 4252 458 4312 nihil
472 4252 588 4314 horum
604 4255 703 4315 estin
719 4273 784 4334 quc
799 4275 851 4317 me
867 4274 941 4318 mea
955 4254 1139 4318 remordeat
1153 4255 1359 4318 couscientia.
1396 4256 1467 4317 Nisi
1548 4258 1585 4318 's-

377 4334 466 4394 tiane
487 4332 528 4395 dc
549 4335 620 4396 Deo
641 4336 745 4416 deque
766 4336 886 4399 diuinis
905 4336 1024 4400 litteris
1045 4338 1207 4411 sentirem,
1229 4356 1296 4399 non
1317 4338 1458 4418 optarim
1479 4337 1532 4399 vel
1552 4339 1587 4399 in

377 4417 554 4476 crastiuum
574 4416 654 4479 mihi
674 4418 809 4498 proferri
830 4420 944 4482 vitam.
987 4420 1021 4483 si
1041 4439 1173 4482 causam
1193 4420 1399 4482 vehementia
1417 4438 1485 4498 qua
1504 4419 1587 4482 soles

411 4598 484 4648 leet.
506 4612 562 4662 131.
580 4599 952 4665 opuswherloscmlmsrc-
1012 4599 1142 4653 estmoe&
1171 4601 1360 4668 Seealscllpp.
1375 4605 1585 4668 1427.3o,1855.

375 4668 504 4724 mentam,
522 4665 627 4729 sssEp.
641 4666 700 4729 384
1047 4681 1085 4719 11.
1104 4667 1276 4784 Roiienseml
1294 4667 1347 4719 For
1372 4667 1419 4719 the
1445 4683 1588 4720 numerous

412 4729 485 4780 1688.
505 4744 527 4780 1.
544 4730 617 4795 Sero]
645 4731 731 4783 When
751 4731 878 4783 Erumus
900 4732 954 4783 had
1011 4732 1094 4785 books
1121 4735 1226 4799 against
1275 4734 1354 4785 uther
1380 4733 1522 4800 compcsed
1550 4733 1587 4799 hy

374 4792 484 4860 already
514 4796 654 4861 composed
683 4796 729 4847 the
757 4796 955 4862 Hypercepe'etce
1010 4798 1166 4851 Ilisherend
1177 4797 1478 4851 OoohlcussesPenaer.
1502 4798 1585 4863 llany

376 4860 436 4925 (Ep.
451 4862 534 4926 1667).
1010 4864 1038 4915 ol
1048 4864 1123 4916 them
1135 4864 1189 4915 hed
1200 4865 1318 4930 recently
1330 4864 1396 4916 heau
1408 4862 1543 4929 repriuted
1554 4868 1585 4913 et

411 4939 450 4976 10.
468 4926 586 4990 δείνωσιν]
612 4924 651 4978 cf.
676 4926 766 4988 Quint.
789 4941 813 4988 9.
836 4941 860 4979 2.
887 4942 951 4992 104:
1009 4929 1129 4996 cologue.

377 4990 511 5043 ‘versibus
526 4995 554 5044 et
568 4992 627 5044 ioco
640 4997 669 5044 et
683 4992 785 5045 inuidia
799 4998 828 5045 et
845 4996 952 5046 inuoca-
1045 5008 1084 5058 13.
1102 4995 1231 5060 conuicia]
1250 4994 1289 5047 Gi.
1310 4994 1378 5062 llpp.
1400 4997 1471 5060 1670.
1491 5004 1583 5056 30-37.

376 5058 448 5109 tione
484 5053 621 5111 intendere
657 5060 764 5119 odmen,
801 5060 873 5125 qnod
910 5066 952 5112 est
1011 5063 1083 5122 1690.
1097 5074 1189 5113 20-22.
