3534 5984
305 714 344 774 28
660 709 854 773 LE'PI'ERS
875 709 932 772 OF
953 707 1154 772 ERASMUS
1417 708 1514 786 [1525

304 864 447 944 aliquam
458 871 568 926 autem
579 866 612 925 in
625 865 729 925 Deum
740 871 906 944 ponentes.
940 866 984 928 Et
994 872 1080 928 certe
1090 866 1152 927 nisi
1161 866 1231 945 ipse
1240 864 1341 927 etiam
1352 863 1516 926 Lutharus

304 967 382 1006 suae
391 947 506 1008 fuisset
515 948 645 1007 innixus
655 945 836 1025 prudentie,
847 954 881 1009 et
892 947 964 1026 plus
974 949 1130 1010 voluisset
1139 966 1251 1027 sapere
1260 965 1362 1026 quam
1371 950 1515 1025 oportet,

305 1047 471 1107 nunquam
497 1029 545 1089 ita
570 1029 750 1090 aberrasset
774 1037 809 1090 et
834 1029 1014 1109 complures
1038 1030 1229 1102 seduxisset,
1256 1029 1338 1090 adeo
1362 1034 1403 1088 vt
1426 1046 1469 1088 na
1494 1045 1516 1087 a

258 1136 288 1187 55
304 1110 504 1170 concitandis
529 1109 661 1190 quidem
686 1111 898 1172 seditionibus
924 1131 1005 1191 quas
1029 1110 1115 1191 leges
1140 1112 1247 1191 eapite
1272 1109 1425 1190 puniunt,
1450 1107 1515 1169 sibi

303 1197 486 1270 temperent
499 1213 507 1264 ;
533 1192 662 1253 diuersa
675 1211 803 1272 quoque
818 1211 893 1272 pars
907 1212 1021 1272 parum
1034 1193 1115 1273 quid
1128 1193 1257 1273 ingenio
1269 1199 1305 1253 et
1317 1190 1429 1252 labore
1442 1207 1513 1262 suo,

304 1273 440 1334 nimium
454 1274 689 1353 cupiditatibus
701 1282 736 1335 et
750 1274 920 1336 affectibus
938 1277 1004 1336 suis
1017 1275 1138 1347 dedito,
1158 1273 1332 1355 promouit.
1370 1272 1514 1351 Tempus

303 1374 379 1434 ergo
397 1357 525 1435 appetit
543 1363 581 1417 vt
599 1356 641 1417 ad
660 1357 765 1417 Deum
782 1362 856 1417 toto
873 1357 969 1417 corde
986 1362 1197 1430 reuertamur,
1214 1361 1250 1417 et
1266 1372 1437 1417 exoremus
1453 1370 1515 1432 pro

303 1456 369 1498 vno
380 1440 436 1518 qui
448 1438 590 1500 medium
601 1445 710 1501 tenere
721 1440 824 1517 possit
833 1445 868 1498 et
879 1440 989 1499 omnia
998 1440 1033 1500 in
1044 1445 1175 1517 portum
1186 1437 1337 1499 reducere
1350 1456 1358 1510 ;
1381 1434 1513 1515 qualem

255 1536 290 1584 60
303 1527 389 1580 certe
406 1528 440 1581 te
457 1541 525 1582 esse
543 1521 621 1582 mihi
638 1521 792 1601 persuasi.
831 1520 937 1581 Macte
954 1540 1029 1600 ergo
1046 1522 1179 1593 virtute,
1198 1520 1342 1590 Erasme,
1360 1525 1461 1597 atque
1477 1517 1513 1577 iu

302 1602 433 1675 harena,
456 1608 494 1664 vt
514 1604 639 1682 cepisti,
661 1621 839 1681 perseuera.
882 1602 993 1663 Habes
1012 1604 1099 1664 enim
1120 1602 1255 1681 Papam,
1276 1600 1512 1679 Imperatorem

301 1690 336 1745 et
361 1704 472 1746 omnes
496 1685 635 1763 denique
659 1684 839 1746 Christiane
862 1684 1024 1764 religionis
1048 1703 1195 1763 proceres
1218 1682 1280 1744 tibi
1303 1682 1454 1743 fauentes
1477 1684 1513 1740 et

301 1772 458 1828 astantes.
502 1765 667 1826 Arridebit
688 1783 818 1844 quoque
839 1766 911 1845 ipsa
932 1784 1051 1845 sponsa
1072 1765 1191 1828 Christi
1212 1771 1248 1826 et
1269 1769 1385 1825 sancta
1407 1767 1513 1823 mater

303 1846 447 1908 Ecclesia
459 1868 467 1921 ;
494 1867 560 1927 qua
574 1845 706 1909 vidente
719 1853 754 1908 et
768 1846 986 1927 applaudente
999 1848 1145 1909 lanceam
1158 1845 1350 1926 coniringes,
1364 1849 1400 1906 et
1413 1862 1512 1905 senex

254 1943 286 2005 65
303 1929 496 2007 palmarium
519 1928 602 1990 ieras
627 1949 647 1990 a
671 1928 809 2002 Christo,
835 1930 892 2009 qui
916 1948 1058 2009 pugnam
1082 1935 1176 1991 tuam
1199 1926 1357 1990 foeliciter
1381 1931 1511 2005 ceptam

302 2011 507 2072 consumabit
523 2017 558 2072 et
574 2010 689 2072 dexter
705 2011 819 2072 aderit.
858 2011 899 2073 Id
915 2013 1002 2073 enim
1019 2011 1098 2072 mihi
1115 2010 1258 2091 presagit
1273 2009 1411 2070 animus.

342 2091 493 2153 Ceterum
506 2093 594 2172 quod
607 2092 701 2173 longe
714 2092 883 2154 dissimiles
897 2093 940 2154 ad
953 2100 988 2153 te
1000 2093 1147 2154 scribunt
1159 2090 1313 2171 epistolas
1326 2107 1427 2170 quam
1440 2105 1511 2167 ego,

302 2173 465 2247 Pontifex,
484 2174 611 2248 Caesar,
632 2174 854 2236 Ferdinandus
872 2182 908 2236 et
927 2175 999 2236 Rex
1018 2174 1162 2254 Angliae,
1182 2175 1217 2236 in
1235 2191 1334 2235 eausa
1352 2167 1512 2249 estquod

303 2254 468 2336 Oedippus
489 2276 555 2317 non
575 2258 647 2318 sim.
690 2256 846 2319 Attamen
867 2258 895 2317 si
917 2256 996 2336 quid
1018 2256 1163 2317 molestie
1183 2253 1259 2318 inde
1280 2254 1342 2315 tibi
1364 2251 1511 2323 aooessit,

255 2362 290 2413 70
302 2337 437 2417 depone,
457 2345 492 2399 et
509 2339 654 2400 animum
674 2357 791 2411 meum,
812 2358 876 2399 non
896 2338 1006 2411 verba,
1026 2338 1179 2417 explora;
1210 2337 1268 2417 qui
1285 2337 1320 2397 in
1339 2335 1400 2395 hoo
1419 2339 1511 2394 totus

301 2427 352 2480 est
366 2419 550 2493 inclinatus,
567 2427 605 2481 vt
620 2420 701 2482 bene
715 2420 840 2500 reipub.
856 2420 1036 2481 Christiane
1051 2419 1202 2498 <iaciat>,
1218 2437 1277 2479 nec
1292 2416 1387 2478 facile
1402 2419 1512 2495 potest

302 2521 342 2563 ea
361 2521 425 2582 que
444 2509 570 2565 nouant
589 2509 624 2564 et
642 2504 812 2564 inuertunt
832 2502 913 2563 bene
933 2502 1114 2564 constituta
1131 2502 1224 2564 ferre.
1266 2498 1373 2560 Immo
1393 2516 1452 2558 nee
1471 2503 1511 2557 tu

302 2603 436 2664 scopum
455 2585 603 2666 tetigisti,
623 2585 711 2665 quod
732 2604 783 2646 me
802 2585 915 2646 alienis
934 2582 1193 2664 persuasionibus
1212 2588 1247 2643 et
1266 2581 1374 2642 nescio
1392 2578 1511 2658 quibus

303 2667 489 2729 auctoribus
507 2667 550 2728 ad
567 2675 601 2729 ta
618 2668 781 2747 scripsisse
799 2667 988 2729 autumasti.
1028 2665 1132 2728 Nemo
1149 2665 1236 2727 enim
1254 2663 1336 2724 aliua
1354 2660 1434 2722 mihi
1452 2665 1511 2721 aut

257 2768 288 2821 75
303 2748 467 2810 consultor
488 2755 547 2810 aut
566 2750 738 2829 instigator
758 2749 875 2810 adfuit.
918 2748 1127 2828 Ignoscamns
1147 2751 1278 2826 ergoet
1298 2744 1375 2805 boni
1395 2760 1509 2803 cousu-

303 2828 407 2890 lamns
418 2832 591 2909 vtrimque,
603 2851 641 2892 ac
651 2831 749 2891 falsas
759 2832 954 2910 suspitiones
964 2830 1173 2909 deponamus.
1208 2827 1240 2890 N
1241 2847 1277 2889 eo
1291 2844 1350 2905 ego
1364 2841 1510 2903 unquam

304 2913 454 2972 accusaui
477 2917 570 2972 tuam
596 2912 787 2973 modestiam
812 2918 847 2972 et
871 2912 1062 2973 ciuilitatem
1088 2931 1108 2972 a
1131 2916 1184 2971 tot
1209 2906 1416 2988 magnatibus
1441 2923 1510 2985 pre·

303 2992 463 3063 dicatam;
478 2992 603 3053 sedhoc
613 3012 738 3072 semper
746 2994 781 3054 in
790 2993 957 3067 rothsuit,
968 2990 1339 3071 vtnostristemporibus
1345 2986 1511 3068 tragediae

303 3073 399 3134 huius
417 3072 513 3136 finem
531 3074 730 3147 haberemus,
748 3074 847 3155 idque
864 3094 921 3154 per
938 3076 1027 3137 haud
1044 3075 1145 3136 vllum
1163 3092 1262 3154 quam
1279 3078 1314 3132 te
1330 3070 1400 3132 fieri
1417 3087 1511 3149 posse

257 3164 292 3213 80
304 3174 428 3229 censeo,
442 3161 477 3216 et
491 3174 614 3216 moram
627 3155 802 3236 longiorem
816 3157 994 3219 abominor.

345 3237 394 3298 De
416 3256 597 3298 successore
619 3237 784 3300 Mosellani
805 3246 894 3301 recte
915 3239 1048 3312 scribis;
1084 3239 1193 3300 omnia
1214 3237 1300 3297 enim
1323 3254 1344 3295 a
1367 3232 1511 3294 Luthero

302 3320 527 3379 contaminata
541 3325 628 3393 sunt,
644 3326 679 3382 et
693 3341 732 3382 eo
747 3321 881 3383 redacta
895 3329 935 3384 vt
949 3323 1006 3382 vix
1021 3320 1115 3382 electi
1130 3326 1165 3381 et
1179 3319 1258 3380 iusti
1273 3321 1461 3379 constantes
1475 3318 1512 3375 et

302 3407 544 3480 perseuerantes
552 3403 764 3481 reperiuntur.
795 3403 828 3466 Si
836 3404 1029 3483 quistamen
1037 3403 1171 3464 idoneus
1180 3405 1335 3471 occurret,
1345 3395 1509 3477 significa3

303 3482 449 3544 nondum
479 3484 566 3544 enim
596 3491 802 3564 prospectum
832 3493 893 3547 est.
946 3484 1087 3547 Libellus
1118 3484 1158 3544 de
1189 3481 1335 3543 oratione
1366 3478 1510 3557 vndique

256 3572 288 3636 85
301 3564 429 3643 legitur,
450 3566 678 3646 ingeniumque
698 3574 792 3628 tuum
814 3567 934 3647 prodit,
955 3572 1152 3628 attestatur
1171 3571 1206 3625 te
1227 3581 1340 3625 verum
1360 3580 1429 3622 ease
1450 3578 1510 3621 neo

300 3647 456 3708 inermem
465 3646 595 3726 quidem
604 3648 800 3728 theologum.
829 3649 980 3712 Ceterum
988 3647 1192 3710 Olithoueum
1202 3646 1242 3707 de
1252 3644 1344 3707 Votis
1352 3661 1419 3704 non
1429 3641 1509 3703 vidi.

302 3729 351 3790 Tu
365 3730 446 3791 bene
460 3728 542 3802 vale,
555 3736 590 3791 et
603 3750 654 3792 me
666 3732 728 3793 tibi
741 3732 822 3793 bene
835 3730 917 3793 velle
930 3737 1054 3793 certum
1067 3729 1197 3791 habeas.

342 3812 488 3875 Dresden
503 3811 609 3874 Pridie
626 3812 788 3876 Valentini
804 3814 842 3876 A.
858 3813 987 3876 Christo
1004 3819 1094 3874 nato.
1131 3813 1302 3873 u.1>.xxv⁰.

613 4017 707 4079 1551.
753 4011 861 4077 Facu
882 4010 1034 4078 Juaouu
1057 4010 1196 4076 Euesa.

334 4124 518 4194 atauus.
1259 4119 1395 4175 maden.

335 4210 394 4265 ΕΕ.
408 4225 451 4279 35.
1186 4211 1219 4264 16
1231 4208 1377 4278 February
1390 4219 1469 4276 1525.

301 4329 521 4460 ussAfssgrlgml
547 4331 634 4391 letter,
660 4329 810 4396 autogrsph
835 4330 1016 4397 throughout:
1052 4330 1189 4396 evidently
1213 4333 1417 4394 contemporary
1442 4327 1508 4379 with

341 4508 463 4584 Ssuva,
483 4516 533 4571 ter
552 4512 692 4573 maxime
711 4511 854 4575 Erasme.
895 4511 999 4575 Probe
1018 4531 1129 4573 mones
1146 4509 1376 4573 abstinendum
1395 4530 1415 4571 a
1433 4529 1508 4573 con·

299 4592 402 4666 uiciis,
419 4599 454 4654 et
470 4592 629 4656 modestia
644 4594 753 4674 potius
769 4594 979 4675 pugnandum
995 4614 1070 4656 cum
1086 4594 1255 4655 haereticis
1271 4611 1370 4672 quam
1386 4593 1509 4673 iurgiis.

299 4673 418 4754 Itaque
439 4674 481 4735 ad
495 4675 811 4757 impudentissimum
831 4675 970 4759 zuinglii
987 4675 1165 4738 Antibolon
1182 4674 1327 4736 sedatius
1345 4674 1509 4754 respondi,

563 4817 635 4869 1550.
656 4829 696 4882 77.
715 4815 873 4868 modestiam
885 4816 996 4882 scripsi:
1018 4819 1167 4870 molestiam
1180 4816 1240 4868 MS.

336 4987 407 5038 1651.
435 5000 456 5037 1.
492 4986 594 5046 mones]
616 4986 649 5036 In
672 5001 689 5037 a
714 4988 801 5048 letter,
827 4994 877 5069 not
930 4990 979 5056 Ep.
997 5003 1069 5105 iffi:
1486 5055 1493 5068 ·

299 5056 404 5114 extant,
425 5067 461 5103 uo
482 5051 569 5103 doubt
589 5056 793 5119 contemporary
813 5055 878 5106 ruth
963 5069 987 5118 3.
1047 5052 1161 5115 trbolon]
1188 5052 1245 5104 The
1273 5067 1365 5104 souma
1394 5052 1422 5104 cl
1452 5053 1508 5106 thu
