3534 5984
354 682 415 745 202
710 678 903 744 Lu'rrurs
926 678 982 743 OF
1002 677 1202 742 ERASMUS
1465 681 1559 757 [1525

354 846 522 910 detrahere
536 866 705 928 personam
718 847 776 927 qui
790 847 911 927 passim
924 847 959 909 in
973 845 1089 909 aehcha
1103 846 1222 909 docent
1240 844 1459 908 adolescentes
1478 846 1560 908 mhrl

354 930 445 1003 scire,
461 934 497 992 et
512 929 707 1010 persuadent
722 928 804 991 nihil
818 929 949 992 nescire.

395 1010 468 1073 Iam
480 1010 574 1074 facile
587 1011 657 1075 lero
670 1012 699 1073 si
712 1031 734 1092 q
759 1012 765 1025 '
807 1030 848 1075 ue
862 1029 922 1091 pro
936 1029 995 1072 suo
1009 1010 1171 1074 arbitratu
1185 1009 1226 1072 de
1244 1010 1373 1090 ingenio
1389 1009 1558 1090 literisque

355 1094 434 1156 meis
461 1098 520 1155 aut
542 1092 727 1173 eloquentie
735 1030 884 1155 uibbicet.
929 1092 1032 1173 Magis
1060 1111 1111 1154 me
1135 1096 1341 1154 commouent
1363 1090 1437 1154 illae
1461 1112 1558 1155 voces

306 1193 436 1319 “th
451 1173 1557 1337 llffidlliilffllfflfflipillihliiilffi

354 1304 489 1401 Erasino
503 1344 619 1402 natum
634 1359 712 1402 esee.
750 1338 822 1401 Hoc
837 1358 940 1420 quum
950 1304 999 1401 'sit
1013 1338 1235 1411 vanissimum,
1250 1337 1331 1418 quid
1346 1338 1411 1400 dici
1426 1303 1557 1419 poterat

354 1420 503 1483 hostilius
529 1422 571 1484 ab
597 1441 636 1485 eo
662 1422 754 1484 cuius
779 1427 955 1501 vtrumque
981 1426 1148 1501 parentem
1175 1438 1299 1483 veneno
1326 1418 1554 1482 sustulissem?

355 1501 462 1577 Quum
481 1503 609 1584 prodire
629 1504 786 1584 coepisset
805 1503 1010 1566 Lutheranae
1028 1502 1212 1583 tragoediae
1231 1501 1441 1582 prooemium,
1462 1502 1556 1581 eique

306 1605 339 1658 4ς
353 1584 421 1648 lere
438 1592 530 1648 totus
547 1586 634 1648 orbis
652 1585 874 1666 applauderet,
893 1603 952 1665 ego
970 1585 1093 1665 primus
1111 1585 1256 1646 omnium
1274 1583 1465 1646 dehortatus
1483 1603 1555 1644 sum

355 1667 474 1730 amicos
489 1688 579 1730 nese
593 1667 641 1729 illi
655 1667 787 1747 negocio
802 1666 1027 1741 admiscerent,
1045 1667 1137 1729 cuius
1153 1666 1279 1729 exitum
1297 1684 1470 1747 augurarer
1487 1665 1556 1727 fore

354 1756 534 1812 cruentum.
575 1748 621 1811 Et
639 1749 794 1829 quoniam
813 1748 948 1829 quidam
967 1748 1136 1810 iactabant
1155 1767 1207 1811 me
1227 1767 1302 1810 cum
1322 1746 1465 1810 Luthero
1485 1767 1554 1809 sen·

353 1832 427 1905 tire,
444 1830 595 1893 videlicet
609 1850 676 1911 quo
691 1830 799 1911 plures
815 1830 858 1892 ed
874 1849 968 1893 suam
984 1830 1148 1893 allicerent
1163 1830 1349 1903 factionem,
1366 1848 1425 1910 ego
1440 1828 1557 1891 libellis

354 1912 451 1974 editis
489 1912 628 1975 roiessus
644 1932 717 1975 sum
733 1912 813 1975 mihi
828 1912 911 1976 nihil
926 1933 995 1976 esse
1010 1913 1057 1974 rei
1073 1932 1148 1975 cum
1164 1911 1318 1986 Luthero,
1334 1931 1394 1973 nec
1410 1930 1556 1992 vnquam

310 2014 342 2066 50
353 1993 433 2056 iore.
466 1931 586 2075 ipsum
605 1994 783 2058 Lutherum
805 1994 969 2069 admonui,
991 2014 1060 2057 rem
1080 1994 1309 2074 Euangelicam
1329 1994 1379 2056 ita
1398 1998 1557 2055 tractaret

354 2094 395 2138 ne
410 2076 491 2156 quid
505 2075 685 2152 ambitioni,
701 2096 742 2140 ne
758 2077 839 2158 quid
859 2077 934 2139 odio
954 2077 1070 2139 datum
1089 2077 1276 2151 videretur3
1302 2081 1496 2156 caueretque
1515 2096 1556 2138 ne

354 2176 405 2219 res
419 2159 454 2219 in
469 2158 659 2222 wditionem
674 2159 787 2222 exiret.
823 2159 1018 2222 Frobeninm
1033 2160 1128 2225 minis
1142 2160 1244 2222 otiam
1258 2158 1406 2222 cohercui
1421 2177 1461 2219 ne
1477 2157 1556 2239 quid

353 2240 527 2303 excuderet
547 2240 778 2305 Lutheranum.
820 2241 990 2305 Abstinuit
1009 2241 1074 2316 ille,
1092 2260 1158 2304 nou
1176 2242 1298 2322 absque
1315 2260 1374 2303 suo
1391 2239 1556 2303 luculento

354 2321 484 2397 damno,
505 2343 578 2387 meo
597 2325 707 2405 potius
727 2325 954 2406 obtemperans
974 2326 1083 2386 animo
1103 2344 1202 2406 quam
1222 2343 1281 2387 suo
1301 2322 1471 2385 commodo
1490 2342 1555 2385 ser-

309 2421 340 2477 ςς
355 2404 456 2468 uiena
492 2404 563 2480 Quo
601 2412 661 2469 uot
674 2407 762 2487 apud
776 2405 954 2470 Germanos
967 2413 1003 2471 et
1016 2406 1162 2470 Eluetios
1176 2412 1289 2469 amant
1302 2406 1404 2468 bonas
1417 2405 1554 2477 litterae,

353 2486 448 2548 initio
470 2494 564 2550 erant
612 2488 729 2552 uthoro
751 2488 974 2553 addictissimi.
1018 2488 1089 2551 Hos
1110 2508 1222 2551 omnes
1243 2507 1285 2550 ox
1306 2487 1421 2549 iuratis
1444 2484 1555 2547 amicis

354 2568 507 2631 mihifeci
519 2569 628 2633 hostes
640 2572 821 2647 acerrimos,
833 2573 946 2654 paucis
956 2572 1110 2715 excffitis.
1144 2569 1316 2650 Quumque
1327 2569 1402 2631 hinc
1414 2566 1556 2647 theologi

353 2650 488 2729 quidam
510 2651 584 2714 odio
606 2652 764 2716 bonarum
784 2654 969 2717 litterarum
990 2673 1013 2715 n
1059 2671 1115 2716 um
1137 2670 1203 2714 non
1225 2655 1393 2713 mouerent
1414 2648 1555 2729 lapidem

353 2750 419 2811 quo
437 2751 489 2795 me
506 2734 541 2795 in
560 2733 746 2810 factionem,
767 2742 806 2797 vt
824 2737 888 2816 ipsi
905 2735 1078 2816 putabant,
1096 2734 1228 2796 iamiam
1245 2731 1464 2795 damnandam
1482 2749 1554 2811 pro-

306 2814 531 2890 60truderent,
559 2817 634 2878 hinc
662 2816 839 2882 Lutherani
865 2815 1042 2890 blanditiis,
1069 2816 1205 2890 technis,
1233 2815 1372 2895 denique
1398 2813 1494 2875 minis
1520 2817 1556 2874 et

353 2897 506 2959 conuiciis
526 2897 613 2959 idem
634 2898 696 2960 hoc
717 2904 859 2979 egerent,
880 2897 958 2961 lioet
979 2898 1112 2961 consilio
1133 2898 1260 2959 diuerso
1282 2915 1381 2978 quam
1402 2894 1554 2975 theologi,

352 2982 465 3041 tamen
477 2979 634 3042 hactenus
647 2980 785 3060 digitum
798 2979 904 3041 latum
917 2980 1075 3043 dimoueri
1086 2999 1153 3042 non
1166 2980 1269 3061 potui,
1284 2986 1323 3041 vt
1336 2979 1379 3041 ab
1393 2977 1555 3040 Ecclesiae

353 3058 521 3122 Romanae
540 3061 695 3123 societate
714 3061 919 3123 discederem.
960 3061 1058 3124 Hunc
1077 3063 1223 3124 animum
1242 3081 1308 3123 non
1328 3061 1459 3123 omnino
1479 3078 1553 3121 oon-

352 3147 522 3215 temneres,
540 3142 568 3203 si
584 3160 694 3205 nosses
710 3148 764 3204 tot
779 3143 946 3223 regionum
962 3145 1158 3206 nostratium
1175 3145 1309 3217 animos,
1328 3145 1356 3205 si
1373 3143 1553 3224 principum

307 3233 339 3294 65
353 3222 507 3297 consilia;
535 3223 564 3284 si
579 3224 675 3286 scires
691 3243 773 3305 quoe
788 3224 950 3288 tumultus
966 3225 1108 3288 excitare
1124 3226 1312 3306 potuissem,
1328 3226 1358 3287 si
1374 3245 1426 3287 me
1442 3224 1557 3286 ducem

352 3304 449 3367 huius
470 3306 595 3384 negocii
618 3305 791 3369 voluissem
812 3305 967 3387 profiteri.
1011 3306 1076 3369 Sed
1097 3326 1157 3388 ego
1177 3306 1278 3368 malui
1300 3326 1352 3368 me
1374 3305 1499 3367 nudum
1522 3311 1558 3366 et

352 3386 507 3448 inermem
528 3386 696 3468 veriusque
716 3389 820 3469 partis
839 3388 953 3451 iaculis
973 3410 991 3452 e
1056 3407 1133 3451 nere
1154 3406 1253 3469 quam
1274 3386 1377 3449 vllum
1397 3387 1558 3467 porrigere

352 3467 492 3613 digsigdum
504 3468 640 3532 factioni
653 3489 753 3550 quam
766 3490 833 3533 non
846 3472 993 3553 agnoscit
1084 3471 1151 3534 esia
1164 3470 1322 3531 Romana.

470 3550 479 3576 ‘
490 3552 690 3616 occasionem
701 3552 862 3616 Lutherus
872 3554 983 3616 hausit
993 3573 1012 3617 e
1021 3553 1112 3616 libris
1122 3552 1203 3615 meis
1215 3550 1235 3613 ’.
1268 3550 1309 3612 Id
1318 3549 1448 3611 fortiter
1457 3555 1557 3628 neget

307 3632 595 3796 rhais:
608 3635 880 3781 rdm
891 3631 1556 3798 aluum

352 3817 427 3859 cum
441 3797 527 3861 illius
545 3798 750 3881 dogmatibus
763 3801 973 3864 consentiam.
1013 3799 1077 3864 Sed
1089 3798 1249 3882 fingamus
1264 3796 1388 3880 aliquid
1402 3797 1555 3859 haustum

352 3900 370 3942 e
393 3879 671 3945 lucubrationibus
694 3883 796 3947 meis:
831 3883 890 3964 qui
912 3883 1016 3965 magis
1036 3880 1128 3945 istud
1149 3882 1332 3962 imputetur
1353 3881 1433 3942 mihi
1457 3897 1555 3959 quam

351 3960 454 4026 Paulo
476 3969 535 4025 aut
555 3963 746 4045 Augustino,
768 3966 855 4028 vnde
876 3984 937 4029 sua
956 3964 1024 4028 fore
1045 3963 1216 4028 confirmat
1237 3963 1419 4045 dogmata?
1463 3960 1555 4022 Certe

306 4061 337 4115 75
351 4062 426 4106 cum
441 4044 498 4107 illa
513 4065 586 4108 mea
601 4047 782 4122 scriberem,
798 4047 880 4111 nihil
895 4048 1002 4111 minus
1017 4045 1206 4128 suspicabar
1220 4065 1320 4127 quam
1336 4041 1556 4106 huiuscemodi

351 4126 531 4189 tumultum
545 4129 756 4191 exoriturum.

391 4207 477 4271 Sunt
500 4209 556 4289 qui
579 4209 701 4284 dicant,
729 4210 814 4274 ‘Gur
833 4230 900 4272 non
923 4212 1037 4274 statim
1060 4211 1208 4275 nascenti
1231 4209 1317 4272 malo
1341 4206 1508 4270 occurristi
1521 4203 1554 4266 l’

352 4288 435 4365 Quia
455 4310 527 4352 cum
551 4290 662 4353 multis
682 4293 869 4373 suspicabar
890 4292 1069 4356 Lutherum
1089 4292 1300 4356 essebonum
1321 4291 1438 4362 virum,
1459 4287 1555 4350 corri-

476 4415 520 4477 64.
536 4429 628 4467 nosses
637 4432 690 4479 cy:
710 4431 832 4469 nosceres
841 4419 869 4473 β.
978 4417 1140 4469 nostratium
1150 4433 1202 4480 αγι
1223 4418 1375 4466 nostrarum
1385 4416 1413 4470 β.

381 4588 458 4651 48-9.
475 4588 573 4665 libellis
583 4588 674 4654 aditis]
691 4588 763 4642 Such
779 4606 811 4641 aa
827 4589 874 4641 the
891 4590 931 4641 De
975 4589 1010 4652 (Ε
1031 4626 1037 4640 .
1064 4590 1126 4668 874)
1151 4587 1207 4640 and
1232 4603 1316 4655 many
1340 4544 1431 4640 others
1456 4585 1485 4636 ol
1509 4585 1557 4638 the

347 4668 396 4771 bb:
405 4655 930 4787 Ἕηροιὲοῗα(ῗέρέ)27ῧ7ιέῗ)ἰξδξῇ,ι3ι46ἰῖ
976 4655 1049 4783 Ε69.
1069 4654 1245 4800 {nogionem}
1257 4719 1502 4837 01..ΕἳΕ986.4-6.

348 4784 923 4915 mu>
1066 4786 1326 4915 sumu

347 4863 424 4985 lippi·
435 4854 600 4984 1033.ms¹bn-]3,
618 4868 691 4983 rb'41.
704 4868 774 4981 466.3
811 4866 824 4918 ⁵
855 4890 863 4914 '
923 4889 930 4903 ⁸
992 4866 1172 4997 7333?me
1182 4867 1281 4982 vigim]
1296 4865 1349 4967 rii
1362 4864 1516 4982 e³xp⁷reuion
1529 4913 1558 4966 oi

383 4995 423 5048 sa.
441 4984 614 5048 Frobenium]
629 4984 669 5037 Ol.
683 4983 735 5101 Ep.
752 4997 825 5049 1033.
839 4999 902 5050 47¹¹·
974 4983 1030 5035 thre
1051 4986 1119 5035 view
1140 5000 1183 5035 sae
1205 4983 1275 5050 Epp.
1297 4997 1357 5045 939.
1379 4984 1474 5047 69-71,
1496 4982 1556 5047 967.

383 5050 423 5114 56
442 5049 501 5101 Hos
524 5050 626 5114 omnes]
651 5049 704 5104 Sao
746 5065 778 5101 as
800 5049 930 5102 liobanru
973 5049 1415 5116 85-8‚980.23-4,1033.59-60.
