3534 5984
405 714 443 775 18
759 714 954 778 LE‘l'l'ERS
975 714 1032 777 OF
1053 713 1254 777 ERASMUS
1517 718 1617 794 [1525

402 879 472 939 aliis
493 898 622 958 quoque
642 879 826 940 nominibus
845 879 998 959 inclytus,
1020 878 1140 940 bonam
1161 898 1376 959 magnamque
1396 878 1516 959 gloriae
1537 899 1618 942 suae

402 967 529 1039 partem
547 960 647 1022 nobili
664 960 763 1022 debet
780 961 936 1024 aedificio.

443 1041 580 1104 Solidior
592 1049 702 1104 autem
715 1044 883 1121 veriorque
896 1043 998 1122 gloria
1010 1042 1170 1123 contingit
1181 1062 1222 1103 ex
1236 1042 1285 1104 his
1298 1043 1517 1104 monumentis
1529 1062 1616 1122 quae

402 1124 490 1185 vitae
513 1123 698 1185 mortalium
720 1125 877 1204 insignem
899 1124 942 1186 ali
966 1143 1043 1185 uam
1065 1123 1217 1185 adierunt
1238 1124 1427 1197 utilitatem,
1449 1144 1552 1204 quam
1574 1145 1615 1186 ex

355 1234 389 1270 20
403 1204 636 1284 Aegyptiarum
661 1205 871 1285 Pyramidum
896 1145 1044 1279 moiibus,
1069 1225 1153 1286 quae
1177 1211 1306 1285 praeter
1329 1205 1516 1286 opulentiae
1540 1206 1613 1268 bar·

403 1285 530 1348 baricae
554 1287 690 1349 stultam
716 1294 750 1349 et
776 1289 917 1349 ociosam
943 1288 1195 1349 ostentationem
1221 1287 1301 1348 nihil
1326 1287 1460 1361 babent,
1487 1293 1548 1349 aut
1573 1308 1614 1350 ex

403 1367 622 1448 labyrinthis,
653 1368 801 1443 Colossis,
834 1369 928 1430 nodis
958 1368 1247 1448 inexplicabilibus,
1280 1370 1398 1431 muscis
1428 1368 1616 1450 tegentibus

402 1450 603 1530 quadrigam,
630 1450 814 1513 Dodonaeis
837 1450 1008 1523 lebetibus,
1034 1451 1250 1531 heptaphonis
1275 1449 1454 1531 porticibus
1478 1450 1615 1531 aliisque

401 1530 436 1592 id
446 1551 546 1611 genus
556 1534 764 1611 argumentis,
775 1552 859 1613 quae
869 1532 1034 1594 delectant
1043 1531 1174 1611 quidem
1185 1533 1264 1593 artis
1274 1537 1309 1593 et
1317 1533 1438 1612 ingenii
1447 1532 1615 1606 musculo,

357 1640 387 1692 ²5
402 1612 459 1675 sed
468 1621 635 1693 praeterea
644 1612 733 1675 nullo
741 1616 858 1675 iuuant
867 1633 938 1675 vsu.
970 1613 1164 1675 Huiusmodi
1172 1613 1295 1675 famam
1304 1615 1437 1694 pariunt
1445 1613 1616 1676 autoribus

402 1696 469 1756 suis
482 1697 590 1757 verim
603 1714 703 1774 quam
716 1695 860 1774 gloriam.
896 1694 1097 1757 Nobilitatus
1109 1702 1160 1757 est
1172 1715 1232 1757 suo
1244 1702 1341 1757 tauro
1354 1715 1454 1757 aeneo
1467 1695 1614 1769 Perillus,

403 1777 460 1837 sod
481 1784 519 1837 vt
539 1777 738 1855 praestiterit
757 1776 930 1838 obscurum
950 1797 1028 1837 esse.
1071 1776 1147 1837 Plus
1167 1778 1279 1856 itaque
1299 1796 1394 1839 verae
1414 1776 1521 1839 laudis
1541 1796 1614 1857 pro·

404 1864 601 1930 meruerunt,
629 1858 685 1937 qui
712 1859 869 1919 extructis
897 1857 1061 1938 pontibus,
1089 1858 1258 1938 portubus,
1286 1859 1421 1920 thermis
1447 1863 1483 1919 et
1510 1878 1616 1940 aquae

404 1939 567 2012 ductibus,
607 1938 784 2000 utilitatem
817 1959 892 2001 cum
927 1958 1060 2019 operum
1094 1939 1334 2020 magnificentia
1366 1940 1615 2003 coniunxerunt.

357 2049 391 2097 30
406 2020 565 2099 liquibus
578 2020 737 2093 omnibus,
751 2021 779 2081 si
791 2021 880 2100 quod
892 2028 943 2083 est
956 2023 1269 2101 praestantissimum
1281 2021 1390 2101 eligas,
1404 2020 1484 2101 quid
1497 2021 1541 2083 ad
1554 2022 1616 2083 hoe

404 2120 497 2179 opus,
510 2102 598 2180 quod
611 2102 704 2163 nobis
717 2103 829 2163 viuum
842 2123 880 2163 ac
893 2104 1018 2183 spirans
1030 2104 1149 2183 ingenii
1161 2105 1211 2164 sui
1224 2109 1471 2164 monumentum
1482 2102 1617 2183 reliquit

406 2182 529 2243 Plinius
543 2186 556 2243 i
592 2183 665 2243 Imo
678 2203 744 2244 non
757 2203 839 2264 opus
852 2191 913 2258 est,
928 2184 985 2246 sed
997 2185 1179 2258 thesaurus,
1194 2184 1250 2246 sed
1264 2204 1339 2246 vere
1353 2183 1494 2246 mundus
1506 2204 1615 2247 rerum

406 2265 551 2325 omnium
566 2264 698 2344 cognitu
713 2264 894 2345 dignarum.
932 2265 1070 2327 Proinde
1085 2286 1151 2327 non
1167 2267 1284 2327 mirum
1299 2267 1327 2328 si
1342 2285 1443 2328 vnum
1459 2273 1513 2328 tot
1528 2267 1616 2329 viros

406 2344 603 2419 nobilitauit,
633 2346 791 2426 hodieque
818 2347 981 2409 nobilitat.
1035 2348 1139 2409 Nemo
1165 2348 1230 2409 fuit
1256 2354 1327 2409 tam
1354 2348 1510 2410 obscurus
1536 2349 1616 2429 quin

359 2455 390 2507 ³5
404 2427 539 2489 illustris
553 2448 622 2489 esse
637 2429 788 2508 eoeperit,
805 2436 1018 2508 posteaquam
1034 2430 1107 2490 huic
1123 2431 1211 2508 operi
1226 2448 1359 2490 manum
1374 2429 1534 2492 admouit.

447 2510 591 2571 Perierat
603 2510 696 2572 nobis
710 2511 771 2571 hoc
784 2511 932 2571 diuinum
946 2530 1073 2584 munus,
1088 2511 1122 2571 ni
1135 2512 1285 2571 certatim
1300 2531 1320 2572 a
1332 2512 1467 2572 summis
1479 2512 1616 2593 ingeniis

405 2591 619 2673 aduigilatum
639 2600 734 2665 esset,
756 2598 795 2654 vt
814 2613 855 2655 ex
875 2592 976 2653 ruinis
997 2611 1078 2671 pene
1098 2591 1274 2671 deploratis
1295 2593 1365 2654 orbi
1384 2600 1615 2656 renasceretur.

406 2674 497 2736 Inter
507 2676 565 2736 hos
576 2676 681 2755 prima
690 2676 773 2737 citra
782 2675 1036 2736 controuersiam
1045 2673 1116 2735 laus
1126 2672 1263 2735 debetur
1274 2673 1448 2736 Hermolao
1458 2674 1615 2749 Barbare,

406 2776 472 2817 non
483 2763 615 2817 tantum
628 2757 671 2818 ob
682 2757 717 2817 id
729 2757 818 2836 quod
830 2758 953 2835 primus
966 2756 1110 2816 omnium
1122 2756 1248 2816 facinus
1259 2756 1353 2836 longe
1365 2756 1615 2837 pulcherrimum

359 2866 394 2914 40
407 2858 504 2898 ausus
520 2840 564 2898 sit
582 2838 721 2917 aggredi,
739 2857 852 2898 verum
869 2839 970 2899 etiam
987 2838 1075 2915 quod
1092 2844 1293 2899 caeterorum
1309 2858 1405 2899 nemo
1422 2858 1506 2900 vnus
1523 2838 1618 2919 plura

405 2919 594 2979 restituerit.
638 2918 685 2978 Ao
708 2938 748 2978 ne
770 2918 902 2998 longum
924 2925 1035 2979 texam
1057 2919 1252 2999 catalogum,
1274 2920 1360 2981 inter
1382 2919 1538 3000 plurimos
1559 2921 1617 3000 qui

407 2999 543 3060 Barbari
568 2998 752 3077 exemplum
776 3006 854 3061 sunt
878 2999 1043 3074 aemulati,
1069 3019 1135 3062 non
1157 3002 1382 3063 instrennuam
1406 3021 1539 3081 operam
1564 3003 1616 3064 hic

406 3080 500 3141 nobis
521 3080 658 3141 nouauit
679 3079 879 3142 Guilhelmus
901 3080 1063 3155 Budaeus,
1086 3083 1136 3142 vir
1157 3088 1285 3163 praeter
1306 3083 1490 3145 absolutam
1511 3084 1616 3146 erudi·

406 3163 529 3223 tionem
544 3161 725 3241 exquisitae
739 3162 934 3242 diligentiae.
972 3164 1052 3225 Post
1067 3165 1151 3225 hunc
1167 3164 1320 3225 Nicolaus
1335 3163 1502 3238 Beraldus,
1519 3166 1618 3228 homo

359 3271 392 3322 45
407 3263 506 3322 supra
519 3244 668 3322 peritiam
683 3244 897 3306 humanarum
910 3245 1078 3307 literarum
1099 3247 1344 3308 mathematicos
1363 3248 1464 3308 etiam
1484 3247 1618 3327 pulchre

407 3324 536 3397 callens,
554 3324 707 3404 quodque
723 3326 775 3386 hio
792 3326 845 3387 vel
861 3328 1070 3407 praecipuum
1087 3335 1168 3402 erat,
1186 3328 1256 3388 sani
1272 3327 1393 3401 iudicii,
1410 3347 1477 3389 non
1494 3329 1618 3392 minore

407 3406 517 3468 studio
534 3426 634 3486 quam
650 3406 802 3487 religione
820 3414 968 3470 versatus
985 3415 1036 3470 est
1053 3410 1088 3471 in
1105 3409 1165 3471 hoc
1182 3408 1303 3471 labore.
1342 3409 1454 3490 Nuper
1472 3411 1618 3473 omnium

407 3495 589 3567 postremus
604 3488 742 3550 Ioannes
757 3489 940 3563 Caesareus,
956 3492 991 3552 in
1006 3491 1093 3552 omni
1109 3511 1222 3571 genere
1235 3491 1403 3552 literarum
1418 3492 1617 3555 exercitatis·

407 3571 518 3643 simus,
544 3589 609 3631 non
634 3569 793 3632 infelicem
819 3590 951 3651 operam
976 3573 1150 3652 praestitit.
1197 3573 1306 3653 Atque
1331 3574 1446 3634 horum
1472 3575 1619 3636 omnium

364 3680 396 3731 50
409 3652 540 3732 quidem
563 3651 741 3713 industriae
765 3651 920 3714 debemus
944 3652 1032 3733 quod
1053 3653 1193 3715 Plinium
1214 3655 1372 3716 habemus
1392 3655 1497 3717 multo
1517 3675 1618 3735 quam

410 3735 548 3796 antehae
562 3733 825 3796 emendatiorem.

448 3817 619 3879 Caeterum
632 3821 671 3877 vt
682 3817 717 3877 in
729 3817 864 3895 picturis
876 3817 1072 3896 quibusdam
1085 3817 1164 3877 artis
1176 3818 1367 3898 exquisitae,
1380 3838 1506 3899 semper
1519 3819 1621 3882 oculis

407 3899 699 3979 contemplantium
715 3897 811 3960 offert
826 3919 895 3960 sese
911 3901 989 3960 noui
1004 3900 1172 3979 quippiam
1189 3900 1277 3979 quod
1293 3899 1504 3975 admirentur,
1520 3902 1570 3963 ita
1585 3903 1620 3963 in

442 4150 482 4187 22.
501 4135 589 4199 nodis]
614 4136 648 4188 Ol
672 4136 718 4187 the
741 4136 909 4202 labyrintbs:
944 4153 987 4189 see
1037 4136 1136 4187 echoed
1157 4136 1194 4202 by
1214 4137 1238 4189 S.
1261 4137 1402 4200 Gelenius;
1432 4138 1501 4202 who,
1521 4142 1551 4193 in
1571 4143 1618 4195 the

408 4203 634 4265 H.N.36.13.85
1037 4202 1142 4269 preiaee
1161 4203 1248 4254 tobis
1266 4209 1342 4255 notes
1360 4221 1395 4255 on
1413 4205 1500 4272 Pliny,
1521 4223 1531 4259 r
1552 4210 1616 4260 Jan.

442 4280 482 4327 ²3·
501 4216 678 4381 quadrigami·
686 4265 728 4315 An
744 4265 822 4330 ivery
838 4266 941 4319 ohariot
957 4284 987 4318 so
1040 4281 1113 4332 1535,
1136 4268 1225 4319 writes
1247 4270 1275 4319 ol
1298 4270 1431 4321 Barbarus
1453 4273 1519 4324 with
1542 4279 1620 4340 great

408 4331 468 4408 tiny
484 4332 577 4381 theta
611 4330 724 4395 yoould
739 4346 818 4380 cover
833 4332 856 4381 it
871 4332 936 4383 with
952 4333 987 4384 its
1038 4333 1200 4384 veneration.

408 4395 987 4513 uhoilltlttfttthlllrff
1037 4396 1619 4519 ,utull3ht1ln00lffillm

408 4526 480 4577 H.N.
497 4540 520 4590 7.
535 4540 576 4577 21.
592 4528 729 4591 85,34.8.
744 4528 787 4590 83,
801 4528 842 4592 36.
859 4540 881 4592 5.
896 4480 986 4593 459⁹
1038 4528 1100 4579 thro
1135 4482 1478 4595 houttneDeydmuee
1497 4470 1620 4600 Eedtddd}

475 4591 639 4654 Dodonaeis]
663 4592 712 4644 See
738 4592 788 4658 Bp.
820 4606 893 4657 ¹030·
919 4608 987 4658 14n;
1038 4594 1079 4644 int
1140 4597 1148 4656 l
1173 4594 1207 4645 he
1232 4596 1361 4647 discusses
1386 4612 1450 4649 man
1493 4614 1619 4667 passages

409 4656 708 4721 alsoH.N.36.13.92.
1038 4658 1150 4710 ormo.
1181 4614 1620 4717 Fortuemathatdeusedeee

511 4720 633 4783 rticibus]
668 4722 743 4773 Built
777 4727 809 4774 at·
843 4723 986 4790 Olympia;
1039 4725 1236 4786 LDelaruelle,
1247 4727 1275 4777 0.
1288 4726 1370 4788 Budl,
1383 4742 1456 4794 1907,
1466 4744 1511 4796 pp.
1523 4744 1616 4797 225-7.

408 4802 451 4836 see
492 4788 535 4837 .N.
549 4791 616 4851 36.1
638 4801 716 4840 .100.
1070 4803 1113 4850 44
1133 4791 1446 4854 Beralduslseeintrod

443 4853 483 4928 3⁸·
503 4800 635 4913 Barbarof
658 4854 711 4904 For
735 4852 776 4903 his
802 4853 988 4919 caligationes
1070 4856 1112 4916 48.
1131 4855 1285 4918 Caesareus]
1313 4858 1360 4909 See
1387 4858 1436 4924 Ep.
1462 4872 1519 4922 374.
1567 4862 1617 4914 Hie

410 4918 738 4977 piammonem
782 4920 985 4983 ntius‚24Nov.
1037 4921 1139 4972 edition
1164 4937 1218 4973 was
1264 4924 1351 4974 rinted
1377 4929 1407 4973 at
1433 4926 1556 4991 colegno,
1584 4929 1615 4980 ll.

411 4998 493 5045 1492;
519 4998 561 5033 see
577 4985 627 5050 Ep.
648 4986 702 5034 126.
723 4998 752 5034 12
771 4999 797 5034 n.
830 4984 887 5062 The
902 4987 988 5063 praise
1038 4987 1218 5064 Oeruiecmue,
1258 5004 1299 5055 ug.
1320 5001 1394 5067 1524,
1410 4990 1438 5041 in
1454 4990 1536 5048 inlice
1563 4994 1618 5046 and

409 5048 438 5098 ol
451 5050 578 5100 Erasmus
591 5049 646 5101 and
660 5049 759 5100 licetur
773 5052 827 5112 (see
841 5050 952 5115 mtrod)
966 5066 988 5102 u
1038 5051 1172 5118 repunted
1183 5069 1212 5104 rn
1223 5058 1321 5105 octavo
1331 5069 1360 5105 m
1372 5056 1418 5107 the
1430 5070 1503 5107 same
1515 5071 1587 5123 year.
