3534 5984
354 705 413 765 126
707 703 902 766 LE'l'lERS
923 703 979 766 01⁴*
999 702 1200 766 ERASMUS
1461 705 1555 781 [1525

351 887 408 930 seu
433 868 556 930 iutuitu
582 874 641 929 ent
666 867 746 929 alias
770 866 858 929 licite
883 868 1061 948 acquisitis,
1088 870 1305 948 cuiuscunque
1330 888 1475 931 summee
1502 870 1553 932 vel

305 948 802 1094 wlldbadlrlbtddlderbudnrbnrd'tibbbl‘
828 949 1554 1108 orduddoedllllblmmddnlddeedutildrdnxlledldldsitdl

351 1114 402 1176 tui
414 1114 642 1194 consanguinei
654 1114 722 1175 siue
735 1114 800 1188 alii,
814 1115 915 1176 etiam
928 1051 1014 1176 bltre
1026 1115 1150 1176 seruitii
1170 1117 1331 1189 meritum,
1354 1134 1453 1195 quam
1474 1116 1554 1178 alias

351 1196 386 1256 in
408 1196 597 1275 quarumuis
619 1214 827 1276 personarum
849 1197 950 1257 etiam
973 1197 1217 1259 coniuncturum
1240 1197 1292 1258 vel
1314 1205 1552 1271 extranearum,

351 1296 407 1339 eeu
422 1276 626 1374 collegiorum
639 1284 675 1340 et
687 1278 948 1352 uniuersitatem,
963 1284 1033 1340 tam
1047 1278 1237 1340 secularium
1251 1298 1350 1358 quem
1363 1279 1553 1341 ecclesiasti·

304 1386 336 1441 ²⁵
352 1377 472 1503 Ἢ
483 1358 1553 1515 teptsmtiffl‘lzfflelttittfitffltttiliis

351 1542 450 1602 quam
485 1542 542 1603 per
574 1522 754 1603 quamlibet
787 1522 936 1585 vltimem
971 1523 1184 1597 voluntatem,
1213 1524 1391 1604 disponere,
1426 1526 1551 1598 testari,

351 1604 499 1667 ordinare
525 1610 560 1666 et
584 1624 714 1685 erogsre
739 1605 978 1686 valeas—prius
1003 1612 1114 1667 tamen
1139 1606 1180 1668 de
1204 1606 1355 1669 omnibus
1380 1606 1553 1687 praedictis

352 1686 455 1761 bonis,
473 1705 546 1748 sere
564 1686 669 1749 alieno
686 1692 721 1748 et
737 1688 778 1749 iis
795 1706 879 1767 quse
897 1706 956 1767 pro
973 1687 1161 1768 reparandis
1178 1687 1328 1750 domibus
1346 1708 1402 1750 seu
1419 1687 1553 1750 edificiis

304 1797 340 1849 30
351 1767 601 1831 consistentibus
617 1770 652 1831 in
669 1768 747 1831 locis
762 1769 968 1831 ecclesiarum
985 1769 1037 1830 vel
1055 1769 1280 1834 beneficiorum
1297 1776 1438 1843 tuorum,
1458 1771 1553 1849 culpe

351 1850 404 1912 vel
415 1849 610 1931 negligentia
622 1857 682 1913 tua
694 1870 751 1913 seu
763 1857 895 1913 tuorum
908 1858 1152 1932 procinatorum
1166 1852 1339 1914 destructis
1352 1852 1403 1914 vel
1416 1852 1551 1914 deterio·

351 1932 441 2006 ratis,
462 1951 587 1994 necnon
607 1932 826 1995 restaurandis
845 1933 918 1995 eliis
937 1933 1060 1995 iuribus
1081 1934 1254 1995 earundem
1275 1934 1479 1996 ecclesiarum
1501 1934 1552 1995 vel

351 2012 577 2076 beneficiorum
592 2014 633 2077 de
674 2014 768 2076 rditis
782 2035 823 2077 ex
839 2015 934 2095 culpa
950 2015 1002 2076 vel
1017 2016 1211 2096 negligentia
1225 2016 1429 2096 supradictis,
1445 2035 1551 2078 neces·

350 2096 435 2156 seria
450 2094 571 2157 luerint
585 2095 609 2157 d
649 2097 903 2176 uotis-plenam
919 2104 954 2159 et
968 2096 1102 2159 liberam
1117 2096 1179 2159 tibi
1194 2098 1389 2160 auctoritate
1404 2116 1551 2177 praesen·

304 2204 335 2259 ³⁵
350 2177 435 2239 tium
459 2177 663 2240 concedimus
687 2178 888 2240 facilitatem.
935 2178 1009 2241 Non
1034 2178 1241 2241 obstantibus
1265 2178 1552 2241 constitutionibus

350 2264 386 2321 et
408 2257 665 2322 ordinationibus
687 2259 891 2341 Apostolicis,
916 2280 955 2323 ac
977 2260 1181 2323 ecclesiarum
1205 2281 1261 2323 seu
1285 2262 1551 2324 monasteriorum

351 2340 403 2403 vel
423 2341 615 2423 regularium
634 2342 786 2416 locorum,
801 2344 835 2404 iu
855 2342 974 2423 quibus
994 2343 1148 2405 secularis
1167 2349 1202 2405 et
1221 2343 1379 2424 regularia
1398 2342 1552 2405 beneficis

351 2422 535 2486 huiusmodi
559 2424 669 2487 forsan
693 2424 823 2498 luerint,
850 2444 907 2487 seu
932 2443 952 2485 e
977 2424 1095 2504 quibus
1119 2426 1190 2505 ipss
1215 2425 1373 2505 regularia
1397 2423 1551 2487 beneficia

351 2504 530 2585 dependere
544 2507 724 2588 contigerit,
738 2513 773 2569 et
786 2505 936 2568 ordinum
949 2526 1088 2586 quorum
1101 2506 1156 2567 ills
1171 2508 1348 2580 extiterint,
1359 2508 1550 2579 iuramento,

302 2617 338 2667 ⁴0
350 2586 593 2651 confirmatione
605 2587 791 2669 Apostoliee
803 2588 855 2651 vel
866 2589 983 2668 queuis
995 2587 1148 2650 firmitate
1161 2589 1225 2650 alia
1236 2588 1405 2662 roboratis,
1418 2590 1553 2650 statutis

350 2674 385 2731 et
397 2670 692 2745 consuetudinibus,
708 2670 880 2751 priuilegiis
893 2688 1022 2750 quoque
1035 2670 1170 2732 indultis
1183 2677 1217 2732 et
1229 2670 1346 2733 litteris
1359 2669 1552 2750 Apostolicis

350 2750 456 2848 ordini
468 2753 574 2814 sancti
586 2752 760 2833 Augustini
778 2759 813 2815 et
830 2753 1036 2849 monasterio,
1055 2754 1146 2849 cuips
1164 2753 1336 2849 oanpnicus
1354 2759 1389 2814 et
1407 2751 1551 2849 ordinem

349 2852 622 2988 {wit}
633 2833 1552 2995 iifflffitiiffittffittlttlttl

302 3026 335 3077 45
350 3015 408 3075 per
431 3016 490 3057 nos
515 3003 550 3058 et
573 2996 682 3058 sedem
707 2997 928 3077 Apostolicam
952 2999 1052 3060 etiam
1076 2998 1203 3059 iteratis
1227 2996 1351 3059 vicibus
1376 2999 1550 3071 innonatis,

350 3077 539 3156 approbetis
554 3085 589 3141 et
604 3078 645 3139 de
660 3097 747 3140 nouo
762 3080 861 3141 etiam
878 3080 1036 3141 concessis
1050 3099 1058 3152 ;
1085 3077 1213 3159 quibus,
1231 3079 1331 3140 etiem
1347 3080 1374 3140 si
1390 3098 1449 3159 pro
1464 3079 1549 3141 suffi-

349 3158 448 3220 cienti
464 3158 591 3221 illorum
608 3159 816 3240 derogatione
832 3160 874 3222 de
891 3161 954 3222 illis
971 3180 1146 3241 eorumque
1163 3162 1244 3223 totis
1261 3159 1426 3222 tenoribus
1444 3161 1549 3241 plena,

349 3258 509 3320 expresse,
529 3242 685 3321 specialis,
704 3241 852 3322 specifica
869 3250 904 3304 et
922 3242 1091 3305 indiuidua
1108 3262 1147 3305 ao
1164 3243 1205 3304 de
1224 3241 1322 3304 verbo
1341 3241 1384 3303 ad
1403 3241 1548 3315 verbum,

348 3340 415 3384 non
434 3329 545 3384 eutem
565 3343 622 3404 per
641 3324 801 3386 clausulas
820 3325 982 3405 generales
1001 3325 1088 3387 idem
1106 3326 1329 3405 imponantes,
1351 3325 1473 3386 mentio
1493 3343 1549 3386 seu

303 3433 337 3486 50
349 3404 462 3483 queuis
489 3404 554 3465 alia
580 3407 742 3487 expressio
769 3405 919 3469 habenda
945 3426 1002 3469 eeu
1030 3406 1139 3486 alique
1165 3406 1230 3467 alia
1256 3406 1418 3485 exquisite
1444 3404 1550 3466 forma

348 3486 507 3549 seruando
514 3486 609 3563 foret,
619 3494 746 3551 tenores
755 3488 939 3551 huiusmodi
947 3507 1006 3569 pro
1015 3488 1208 3551 sufficienter
1216 3488 1373 3569 expressis
1381 3486 1547 3560 habentes,

346 3566 411 3630 illis
426 3567 507 3631 elias
523 3570 558 3631 in
574 3588 633 3632 suo
650 3569 763 3633 robore
779 3572 1006 3668 permansuris,
1024 3571 1085 3633 hec
1102 3571 1173 3633 vice
1188 3570 1353 3667 duntaxat
1369 3569 1549 3649 specialiter

347 3652 1282 3798 t01mffi⁸33ti⁰i⁸⁰l⁰⁸esfti⁸qltillitftm
1292 3651 1548 3813 libitis

302 3844 332 3897 55
347 3813 515 3891 bonorum,
535 3818 630 3881 iuxta
648 3820 869 3899 quantitatem
889 3817 1017 3891 residui,
1038 3836 1114 3898 erga
1133 3816 1280 3879 ecclesias
1300 3824 1335 3878 et
1355 3815 1508 3878 beneficia
1529 3835 1549 3875 a

346 3896 465 3976 quibus
485 3899 598 3962 eadem
615 3902 797 3981 percepisti,
815 3906 849 3962 te
875 3899 1040 3961 liberalem
1056 3899 1219 3973 exhibeas,
1261 3905 1336 3960 rout
1353 3898 1549 3961 conscientia

346 3979 409 4041 tibi
421 3980 604 4055 dicteuerit,
619 3989 654 4044 et
668 3984 794 4044 animae
808 3989 886 4044 tuae
899 3981 997 4043 saluti
1011 3981 1130 4043 videris
1143 3917 1303 4061 expedre.

386 4061 510 4125 Detum
538 4062 661 4126 Romae
689 4064 777 4145 apud
804 4070 954 4125 sanetum
981 4063 1115 4125 Petrum
1143 4062 1203 4124 sub
1231 4063 1351 4124 annulo
1378 4063 1549 4143 piscatoris

346 4143 408 4205 Die
423 4160 487 4204 vm
503 4143 588 4205 Iulii.
605 4162 730 4206 mcxxv
746 4144 959 4207 Pontificatus
975 4147 1078 4206 nostri
1094 4144 1189 4206 Anno
1205 4144 1356 4205 secundo.

299 4243 334 4292 60
1029 4227 1086 4287 Be.
1101 4225 1261 4302 el<ectue>
1277 4226 1434 4301 Reuenn<
1473 4227 1502 4301 >.

382 4327 510 4390 Dilecto
522 4328 589 4391 filio
603 4330 738 4393 Eraemo
753 4332 793 4394 de
808 4331 1046 4406 Botercdamis,
1062 4330 1216 4411 magistro
1230 4330 1265 4390 in
1278 4328 1450 4409 theologie.

379 4474 420 4524 30.
440 4461 638 4517 benefiorumB.
717 4466 985 4527 31-2.deteriotisll.
1067 4478 1106 4527 32.
1126 4464 1286 4515 rastamndis
1300 4468 1325 4518 B.
1406 4477 1447 4524 41.
1468 4466 1547 4530 priui-

344 4526 470 4593 legiisque
502 4543 589 4593 noque
602 4532 628 4583 β.
715 4532 754 4592 56.
773 4531 931 4595 conscientie
941 4534 967 4585 θ.
1054 4532 1093 4594 58.
1112 4529 1436 4596 apud...piscatorisc:
1457 4536 1507 4582 cto.
1520 4534 1546 4585 Β.

346 4603 387 4654 59.
405 4591 483 4644 Pon'
504 4596 732 4648 cetusnostriona
746 4600 772 4649 β.
873 4598 915 4647 60.
936 4598 980 4648 Be.
993 4597 1026 4648 el.
1039 4598 1160 4649 Raucnn.
1173 4614 1205 4648 a:
1237 4613 1262 4648 v.
1276 4597 1315 4649 Io.
1329 4596 1461 4650 Vinkelss.

378 4818 419 4866 29.
437 4818 497 4852 aere
516 4800 613 4863 aliene]
632 4802 696 4854 This
715 4806 848 4868 provision
868 4820 922 4855 was
968 4806 1032 4856 colii
1047 4809 1091 4869 (29
1109 4806 1167 4858 Oct.
1188 4820 1314 4871 1497-21
1336 4806 1407 4883 §opt
1428 4802 1547 4878 1549)ὀί

343 4884 380 4920 no
393 4868 480 4919 doubt
492 4868 626 4934 generally
639 4884 795 4935 necassem
819 4870 853 4921 ci.
871 4871 920 4934 Ep.
968 4871 1102 4931 Florenoe,
1138 4870 1207 4921 aiter
1242 4871 1384 4921 edueaticn
1420 4874 1450 4917 st
1486 4867 1547 4917 Pisa

347 4948 419 4999 ¹⁴³⁴
433 4949 492 5012 ²⁴¹³·
557 4998 574 5049 1.
642 4998 675 5049 e
767 5014 805 5049 n
967 4937 1076 5051 titi
1090 4936 1137 4987 ‘¹¹⁰
1152 4931 1546 5062 ilmeidniiiiibliil

376 4996 546 5119 ffiffibbld
565 5013 850 5125 Rbdcmffifflot
872 5066 921 5116 Ac·
967 5066 1076 5116 elcotoi
1101 5038 1108 5052 ι
1130 5080 1235 5125 venua;
1257 5064 1356 5128 beving
1367 5062 1487 5113 received
1500 5063 1546 5113 the
