3534 5984
270 723 365 801 1538]
581 723 637 786 uo
658 722 776 787 sonu
790 724 1163 789 *oscomnrnmus
1452 730 1473 788 a

264 907 340 949 suas
357 888 550 969 tragoedias.
590 889 645 962 Hi,
663 890 720 969 qui
738 909 806 964 vos,
824 890 913 971 quod
931 910 996 952 non
1012 893 1151 971 ignoras,
1170 911 1228 971 pro
1245 893 1474 955 haeresiarchis

265 976 302 1031 et
321 971 533 1032 schismatum
557 972 726 1032 autoribus
746 973 879 1046 habent,
900 972 981 1052 quid
1001 974 1120 1034 dicturi
1139 979 1218 1035 sunt
1237 993 1339 1054 quum
1359 976 1394 1036 in
1414 980 1474 1036 tua

264 1051 466 1132 praefatione
481 1052 618 1133 legerint
635 1053 792 1134 ‘magnus
808 1055 962 1116 Erasmus
978 1056 1108 1117 noster'
1124 1061 1137 1116 ‘l
1167 1057 1355 1135 praesertim
1372 1077 1473 1136 quum

263 1135 337 1213 ipsa
355 1154 406 1196 res
425 1134 549 1196 nullam
568 1134 663 1196 daret
681 1137 882 1198 occasionem
900 1136 1090 1198 nominandi
1109 1138 1183 1198 mei.
1224 1138 1258 1201 si
1277 1139 1473 1217 scripsissem
1487 1157 1519 1194 10

263 1217 299 1277 in
317 1215 459 1291 Esaiam,
477 1223 537 1278 aut
553 1218 582 1278 si
598 1223 637 1278 tu
655 1217 822 1279 Delibero
839 1218 920 1292 arb,
938 1225 1010 1280 erat
1026 1238 1111 1299 quur
1127 1220 1230 1281 nostri
1246 1218 1367 1282 faceres
1385 1239 1470 1281 men·

267 1299 402 1359 tionem.

308 1380 354 1441 At
371 1387 460 1454 sunt,
478 1380 597 1459 inquis,
616 1380 674 1460 qui
692 1382 899 1461 suspicantur
915 1382 1074 1443 internos
1087 1380 1172 1443 male
1184 1382 1365 1444 conuenire.
1405 1382 1473 1445 Nec

266 1463 431 1535 conuenit,
443 1462 505 1523 nisi
517 1462 608 1542 quod
617 1464 781 1542 priuatam
789 1463 968 1524 amicitiam
975 1482 1144 1544 nunquam
1153 1465 1305 1544 cuiquam
1314 1466 1471 1526 recusaui.

267 1543 312 1606 Vt
326 1544 427 1623 igitur
441 1544 579 1605 istorum
594 1546 701 1606 nescio
717 1563 854 1624 quorum
870 1545 1045 1624 suspicioni
1060 1545 1227 1618 medearis,
1243 1565 1303 1626 ego
1319 1546 1472 1626 periculo·
1488 1564 1515 1614 15

264 1644 336 1686 sam
348 1625 563 1706 suspicionem
575 1627 654 1687 mihi
665 1626 839 1699 renouato,
853 1626 906 1687 vel
917 1627 1215 1707 potentissimorum
1227 1628 1409 1708 principum
1422 1627 1474 1689 vel

263 1706 409 1769 boatium
420 1706 684 1788 implacabilium,
697 1709 754 1788 qui
765 1707 899 1769 tandem
912 1708 955 1769 ab
967 1708 1077 1770 aedito
1087 1708 1197 1770 libello
1208 1709 1258 1771 De
1268 1709 1325 1771 lib.
1339 1709 1474 1771 arbitrio

265 1791 411 1851 mitiores
426 1809 496 1851 esse
512 1794 713 1870 coeperant?
753 1790 798 1851 Et
815 1790 899 1852 hanc
916 1791 950 1851 in
968 1810 1002 1852 re
1019 1796 1115 1852 tanta
1131 1792 1342 1853 iustissimam
1358 1791 1472 1853 sollici·

265 1871 414 1933 tudinem
435 1871 579 1952 appellas
599 1873 831 1933 morositatem.
874 1871 994 1934 Verum
1014 1880 1086 1935 erat
1106 1879 1183 1934 tuae
1204 1873 1405 1953 prudentiae,
1428 1874 1473 1934 mi

265 1953 506 2033 Oecolampadi,
526 1972 642 2015 cauere
661 1953 751 2033 quod
769 1972 828 2015 nec
848 1954 911 2015 tibi
930 1961 981 2016 est
1000 1956 1084 2027 vsui,
1104 1960 1140 2016 et
1160 1974 1211 2016 me
1231 1961 1404 2035 grauatum
1423 1956 1471 2017 in·
1485 1976 1519 2013 20

263 2034 426 2097 tolerabili
451 2035 577 2096 inuidia
603 2034 676 2115 plus
702 2036 802 2097 etiarn
830 2042 997 2116 aggrauat.
1046 2035 1113 2098 Nec
1140 2035 1284 2098 defuturi
1311 2042 1389 2098 sunt
1415 2038 1472 2117 qui

233 2129 236 2134 ’
263 2118 469 2197 suspicentur
481 2118 561 2179 haec
576 2117 635 2179 aba
647 2123 681 2178 te
696 2136 762 2178 non
775 2116 913 2196 simplici
926 2118 1035 2179 animo
1048 2117 1127 2191 fieri,
1143 2124 1181 2178 vt
1195 2118 1247 2180 vel
1260 2118 1344 2180 falsa
1356 2119 1471 2198 princi-

264 2217 345 2278 pum
365 2219 403 2260 ac
421 2198 615 2279 populorum
633 2200 813 2280 suspicione
832 2199 1014 2261 abutamini
1032 2199 1075 2261 ad
1094 2199 1322 2261 stabiliendam
1341 2219 1472 2262 oausam

263 2286 419 2354 vestram,
438 2281 491 2342 vel
509 2300 561 2343 me
575 2280 697 2342 talibus
711 2281 852 2360 strophis
867 2282 1075 2343 ulciscamini.
1112 2282 1182 2362 Ego
1197 2302 1274 2343 vero
1290 2288 1329 2343 vt
1343 2288 1472 2343 tantam

264 2363 427 2424 maliciam
440 2363 481 2425 de
495 2369 529 2424 te
543 2363 699 2442 suspicari
708 2382 774 2424 non
788 2382 930 2442 possum,
941 2364 990 2425 ita
999 2383 1065 2425 non
1075 2382 1206 2444 possum
1216 2383 1282 2425 non
1292 2363 1472 2425 desiderare
1484 2379 1516 2429 25

264 2444 472 2524 prudentiam
490 2451 583 2506 tuam
601 2445 662 2506 hac
676 2444 840 2506 duntaxat
852 2446 887 2506 in
901 2451 1003 2525 parte.
1044 2446 1213 2525 Optimum
1231 2451 1303 2506 erat
1316 2445 1376 2507 hoc
1390 2452 1470 2507 tem·

264 2545 382 2606 porum
391 2533 482 2588 statu
493 2546 513 2586 a
523 2527 616 2588 vobis
627 2546 685 2587 nec
695 2526 821 2587 laudari
836 2547 894 2588 nec
908 2528 1096 2607 vituperari.
1146 2527 1240 2600 Quod
1254 2528 1281 2587 si
1295 2546 1360 2588 non
1371 2534 1472 2633 queat

263 2608 415 2681 obtineri,
428 2608 591 2689 suggillari
604 2608 715 2669 malim
728 2627 828 2688 quam
842 2608 1030 2687 praedicari,
1045 2609 1233 2688 praesertim
1249 2608 1376 2669 ‘noster
1398 2654 1405 2669 .

306 2689 433 2752 Nullius
439 2690 699 2752 beneuolentiam
705 2689 1471 2769 aspernor,etarbitrorhactenusmesicmodera·

261 2777 337 2833 tum
355 2791 424 2834 esse
442 2792 525 2845 mea,
546 2778 584 2833 vt
602 2771 710 2832 nullus
728 2771 910 2851 quamlibet
929 2770 1071 2832 Luthero
1091 2770 1240 2832 addictus
1259 2771 1350 2850 queri
1369 2772 1472 2850 possit
1484 2787 1518 2837 30

263 2872 315 2914 me
329 2854 466 2915 violasse
477 2853 562 2933 leges
576 2853 737 2914 amicitiae
750 2854 916 2932 pristinae.
950 2853 1121 2915 Caeterum
1133 2854 1365 2932 intempestiua
1377 2852 1471 2913 bene·

261 2934 408 2997 uolentia
426 2935 507 2996 nihil
528 2955 548 2997 a
567 2935 735 2997 simultate
754 2934 873 2996 differt.
916 2934 950 2996 Si
970 2935 1105 2996 caeteris
1125 2935 1236 2996 amicis
1256 2934 1322 2996 tuis
1342 2940 1471 3015 gratum

261 3024 315 3078 est
336 3017 462 3079 calamo
484 3023 544 3078 tuo
566 3016 729 3090 celebrari,
753 3016 1027 3097 quemadmodum
1051 3017 1226 3097 praedicas,
1250 3015 1331 3078 nihil
1353 3016 1470 3089 obsto,

263 3117 373 3160 meum
395 3105 483 3161 certo
506 3099 651 3160 animum
674 3117 740 3160 non
763 3097 945 3178 ignorabas,
969 3100 1026 3179 qui
1049 3106 1084 3160 te
1108 3099 1286 3160 monuerim
1309 3118 1350 3159 ne
1373 3117 1471 3178 quem

262 3187 394 3242 tuorum
411 3199 559 3242 onerates
573 3180 708 3242 inuidia.
745 3180 790 3242 Et
805 3199 865 3260 ego
880 3200 940 3241 nec
955 3200 1010 3242 eos
1027 3181 1147 3242 amicos
1161 3200 1296 3261 graume
1312 3179 1399 3240 soleo
1414 3180 1471 3259 qui
1483 3196 1515 3247 35

261 3264 391 3342 grauari
407 3263 554 3343 cupiunt.
592 3262 677 3325 Sunt
692 3263 749 3342 qui
765 3261 918 3342 flagitant
934 3281 955 3322 a
971 3282 1022 3324 me
1039 3269 1077 3324 vt
1092 3263 1236 3342 ipsorum
1253 3281 1370 3322 nomen
1386 3263 1472 3322 inter

262 3346 384 3406 amicos
411 3363 499 3406 meos
525 3343 703 3405 celebrem:
744 3350 780 3405 at
807 3345 910 3423 magis
935 3344 998 3405 illis
1025 3344 1157 3407 consulo
1183 3362 1283 3424 quam
1309 3343 1372 3422 ipsi
1397 3341 1470 3405 sibi.

264 3426 370 3500 Quare
386 3428 414 3487 si
430 3446 481 3487 me
496 3425 624 3488 credere
640 3426 690 3486 vis
705 3426 850 3487 animum
865 3432 961 3488 tuum
976 3445 1051 3488 eum
1066 3446 1135 3487 esse
1149 3427 1184 3487 in
1200 3445 1251 3487 me
1267 3444 1364 3505 quem
1380 3443 1470 3503 prae-

261 3508 362 3582 dicas,
392 3507 514 3569 delebis
545 3508 713 3569 ‘nostrum
742 3508 915 3569 Erasmum
928 3508 948 3582 ’,
978 3514 1013 3570 et
1041 3509 1139 3570 iatam
1168 3507 1297 3569 laudem
1327 3504 1472 3568 seruabis

261 3589 357 3651 alteri
377 3589 459 3651 loco.
503 3588 577 3651 Non
599 3609 671 3650 sum
694 3595 764 3650 tam
786 3590 980 3669 suspiciosus
1003 3596 1051 3663 vt,
1074 3591 1102 3651 si
1124 3589 1203 3670 quid
1224 3590 1260 3650 in
1282 3588 1472 3668 Pelagianos
1481 3605 1519 3655 40

296 3768 356 3830 8-9.
374 3768 403 3817 in
431 3770 479 3817 tua
507 3763 685 3831 praefatione]
714 3765 841 3817 humus
926 3779 999 3830 31-2.
1018 3764 1207 3829 intempestiua
1220 3759 1468 3821 beneuolentialcf.

261 3833 284 3883 is
299 3831 431 3899 probably
445 3830 571 3897 referring
586 3836 616 3881 ιο
630 3830 676 3881 the
692 3830 796 3897 prefaoa
812 3836 842 3882 to
892 3828 1340 3897 Ep.143.12,andses.4dog.669.

262 3896 491 3962 Osoolampsdins’
506 3897 708 3948 commentarios
721 3897 757 3947 Ia
770 3897 840 3948 Im·
924 3912 966 3959 40.
985 3898 1013 3947 in
1038 3891 1203 3959 Pelagianos]
1227 3895 1281 3945 For
1304 3892 1351 3943 the
1374 3891 1469 3958 charge

262 3963 318 4014 iasa
522 3963 609 4022 Basia,
630 3963 662 4013 Δ.
685 3961 840 4022 Cratander,
891 3964 997 4028 against
1015 3961 1141 4011 Erasmus
1160 3958 1222 4008 that
1240 3958 1274 4008 hs
1293 3973 1346 4009 was
1366 3958 1469 4008 tainted

260 4028 414 4093 lfarob152
443 4028 486 4091 (u
499 4027 642 4088 Staebelin,
658 4028 840 4092 oasotmspar·
891 4028 957 4079 trith
976 4027 1030 4077 thia
1049 4025 1143 4090 heresy
1161 4039 1204 4074 see
1224 4025 1273 4089 Ep.
1297 4036 1359 4089 1225
1391 4024 1468 4085 284u.

261 4093 378 4159 Bibliegr
431 4094 463 4153 ie,
500 4094 574 4156 1918,
609 4109 652 4144 no.
691 4097 768 4156 1o9);
813 4092 841 4143 of
892 4091 1095 4158 Heisperbaps
1108 4089 1292 4155 beraapplyin
1323 4088 1472 4141 tohimself

261 4158 349 4211 which
372 4158 406 4209 be
427 4173 512 4209 seems
536 4163 566 4209 ιο
591 4158 660 4208 have
685 4158 768 4209 heard
793 4158 838 4221 (of.
891 4158 938 4209 the
958 4172 1069 4224 passage
1089 4156 1174 4207 about
1194 4157 1218 4207 it
1237 4157 1300 4207 int
1355 4154 1469 4221 prefsoe,

260 4225 341 4289 lap)
357 4223 434 4276 while
448 4225 472 4275 it
486 4238 540 4275 aas
556 4224 745 4290 stillinproof.
780 4223 840 4274 ltis
889 4225 981 4287 4Dac.
997 4221 1351 4289 1524,toOecolampadius'
1363 4222 1469 4273 volume

260 4289 405 4341 addrued
429 4294 459 4340 ιο
482 4288 529 4340 tbe
553 4289 677 4341 Senators
701 4290 729 4340 cf
753 4290 840 4348 Basia,
891 4289 919 4340 of
942 4289 1099 4341 authorities
1123 4288 1263 4340 Delibero
1286 4287 1392 4339 arbitio
1415 4290 1469 4351 (see

259 4355 316 4406 and
329 4370 380 4406 ons
394 4354 422 4406 of
435 4354 482 4405 the
495 4369 578 4421 many
590 4354 706 4420 grounds
719 4354 841 4406 addnoed
891 4355 941 4421 Ep.
959 4368 1030 4420 1523.
1049 4358 1125 4417 112n)
1137 4372 1144 4405 r
1170 4350 1286 4405 ‘Videor
1298 4357 1391 4405 autam
1404 4353 1469 4403 mihi

258 4420 304 4471 for
330 4419 377 4471 the
403 4420 499 4471 tovn's
524 4419 680 4471 distinctim
706 4421 729 4471 is
756 4417 842 4485 ‘quot
891 4436 945 4472 non
959 4422 1078 4499 ignorare
1093 4419 1158 4484 quid
1173 4417 1288 4469 adhaec
1303 4419 1401 4469 dicturi
1414 4420 1470 4469 sint

259 4486 348 4536 doctis
372 4489 469 4536 ornata
489 4486 528 4536 sit
550 4486 622 4546 viris,
646 4494 675 4536 et
698 4486 726 4537 in
749 4487 841 4551 primis
891 4486 1025 4552 Pelagiani
1042 4486 1136 4546 nostri,
1172 4484 1250 4535 uibus
1267 4484 1334 4536 nihil
1351 4485 1394 4536 vel
1411 4499 1468 4535 ver·

259 4566 360 4617 magrso
391 4550 521 4601 bonsmm
551 4552 688 4602 literarum
719 4552 840 4602 antistite
890 4551 1031 4603 sntimel
1044 4550 1166 4616 magislu
1186 4551 1270 4602 riuum
1282 4548 1467 4601 habuitorbis.

260 4616 399 4668 Brano‘.
442 4616 471 4667 lt
491 4630 604 4682 appears
626 4616 757 4668 therefore
779 4616 841 4667 that
890 4616 1051 4668 clamabunt
1069 4618 1142 4667 enim
1163 4613 1228 4666 “Et
1247 4631 1296 4666 uos
1316 4630 1377 4665 oum
1398 4615 1469 4666 hisce

257 4681 347 4733 either
365 4679 490 4732 ‘naam’
510 4697 564 4733 was
582 4682 696 4734 omitted
714 4686 745 4732 at
763 4682 839 4733 liras·
890 4683 1019 4734 sentlmus
1035 4686 1064 4731 et
1079 4682 1209 4732 sensimus
1224 4680 1362 4747 samper”.
1397 4682 1470 4734 Nam

259 4747 329 4799 mus’
390 4752 450 4797 ωσι
460 4747 497 4810 (ll.
510 4749 552 4808 28,
564 4753 618 4811 39),
629 4763 660 4798 or
670 4747 703 4798 be
714 4762 768 4799 'aa
779 4748 840 4798 mis·
909 4748 1014 4799 uamuia
1026 4762 1081 4798 non
1093 4762 1188 4813 parurn
1201 4748 1302 4813 gratiae
1315 4745 1468 4804 detrahant,

259 4762 393 4866 hilerim
408 4827 438 4863 ss
453 4818 483 4864 ιο
496 4812 543 4864 the
556 4814 647 4865 actual
661 4813 785 4879 wo1ding.
890 4762 955 4864 dum
985 4814 1160 4879 quantumuis
1190 4827 1284 4878 parum
1314 4810 1391 4862 nobis
1422 4813 1469 4862 tri·

297 4893 336 4944 17.
355 4879 397 4930 De
412 4878 457 4931 lib.
475 4876 597 4939 arbitrio]
614 4879 662 4931 Sao
678 4879 747 4945 hipp.
766 4892 839 4942 1419,
891 4878 987 4939 buunt,
1011 4883 1133 4958 attamen
1155 4878 1262 4929 interim
1285 4876 1387 4965 gr'stiaa
1411 4876 1468 4927 fau·

261 4945 336 5063 “ib
354 5006 485 5070 nisum]
501 5008 637 5070 coeunt
653 5009 696 5059 sor
712 5010 839 5072 munes,
889 4950 962 5062 ibn:
972 4942 1342 5087 fflfflfflgb)
1353 4940 1469 5058 :Gf'sbbb

259 5075 311 5143 Ep.
325 5076 392 5140 1448
402 5073 468 5128 sith
480 5075 530 5141 Ep
544 5088 617 5140 ¹503·
890 5076 936 5127 alii
949 5075 998 5140 qui
1010 5080 1128 5127 exterma
1141 5073 1265 5139 operibus
1278 5072 1385 5131 mortes,
1400 5086 1467 5121 cere·
