3534 5984
385 690 447 750 504
827 688 1053 752 APPENDIX
1074 688 1158 750 XIX

426 855 638 935 Sigismundo,
653 859 839 937 castigatori
854 856 1013 930 Ilrobenii,
1030 855 1184 936 quicquid
1196 860 1361 935 praeterea
1374 858 1518 919 vestium
1532 864 1594 931 est,

339 977 371 1029 ³⁰
466 944 501 999 et
514 937 650 999 ducatos
664 958 849 1000 communes
862 940 979 1018 viginti
992 958 1048 999 sex
1062 958 1136 999 cum
1150 936 1306 999 cochleari
1319 938 1481 999 inaurato.

425 1017 540 1080 Ioanni
552 1020 728 1093 Botzemio,
740 1021 894 1082 canonico
905 1020 1193 1097 Constantien<si>,
1205 1038 1264 1099 pro
1275 1026 1487 1082 monumento
1498 1020 1596 1083 dabit

465 1101 627 1162 cochleam
645 1109 842 1181 argenteum,
861 1102 949 1181 quod
966 1101 1067 1163 habet
1083 1100 1246 1181 scalptum
1264 1099 1502 1163 Sebastianum.

425 1182 571 1243 Conrado
594 1182 745 1245 Goclenio
767 1184 963 1245 nomismata
984 1201 1082 1244 aurea
1103 1189 1138 1244 et
1160 1190 1312 1262 argentea
1333 1184 1452 1255 omnia,
1475 1188 1512 1242 et
1536 1204 1595 1246 sex

465 1264 781 1361 cyathosargenteos
795 1284 876 1345 quos
889 1264 1098 1326 nunchabet.
1368 1347 1374 1360 .

337 1387 365 1438 ³⁵
384 1344 528 1489 ..itt
550 1346 796 1489 shuts?
806 1352 1332 1507 ..totilutffltlfftlttti
1355 1352 1595 1491 tillim

382 1507 516 1588 silioque
534 1517 779 1588 exequuturum.

423 1613 657 1676 Bibliothecam
677 1623 783 1677 totam
803 1614 934 1675 vendidi
954 1615 1143 1695 iampridem
1163 1614 1281 1676 clariss.
1303 1613 1454 1676 Poloniae
1475 1614 1593 1679 baroni

382 1694 497 1757 Ioanni
523 1716 543 1757 a
570 1696 675 1758 Lasho
723 1696 943 1777 uadringentis
968 1697 1082 1770 aureis,
1109 1716 1127 1758 e
1153 1696 1270 1776 quibus
1296 1695 1394 1758 soluit
1418 1695 1591 1760 ducentos.

333 1794 369 1843 4⁰
382 1777 520 1858 Excepti
532 1785 609 1840 sunt
621 1778 694 1840 libri
735 1779 818 1840 raeci
831 1778 956 1840 calamo
968 1778 1120 1857 descripti
1131 1779 1165 1839 in
1178 1777 1372 1839 membranis
1384 1784 1443 1839 aut
1455 1778 1590 1854 chutis,

382 1877 440 1938 pro
459 1859 586 1940 quibus,
607 1861 634 1921 si
653 1859 741 1921 volet
759 1860 887 1932 habere,
907 1860 1091 1922 numerabit
1109 1862 1293 1939 separatim,
1312 1860 1592 1939 quemadmodum

381 1940 787 2084 doddbddittibffidditdm
808 2042 951 2102 operum,
973 2023 1061 2101 quod
1081 2022 1124 2083 ab
1144 2022 1259 2084 herede
1280 2029 1314 2084 et
1334 2023 1591 2102 exequutoribus

381 2102 449 2165 fieri
464 2102 547 2175 volo,
564 2103 625 2164 hoc
639 2111 689 2165 est
703 2125 753 2165 :—

331 2200 364 2253 45
422 2184 542 2247 Ourent
573 2204 684 2247 omnes
716 2185 954 2247 lucubrationes
986 2181 1074 2247 meai
1105 2184 1309 2248 excudendas
1340 2205 1398 2266 per
1429 2184 1589 2249 Ioannem

380 2264 583 2340 Frobenium,
601 2269 629 2328 si
645 2266 713 2328 fieri
729 2269 840 2347 possit,
859 2274 918 2328 aut
934 2286 991 2346 per
1007 2266 1116 2339 alium,
1133 2266 1295 2346 eleganter
1310 2274 1346 2329 et
1360 2286 1460 2348 quam
1476 2274 1589 2347 potest

380 2346 448 2409 fieri
462 2367 521 2427 pro
541 2348 709 2428 dignitate,
731 2348 872 2428 digestas
891 2350 926 2410 in
946 2355 1062 2421 tomos,
1084 2347 1357 2428 quemadmodum
1377 2350 1411 2410 in
1431 2348 1588 2431 Catalogo

378 2428 554 2509 designaui.
592 2429 643 2491 Ad
659 2430 693 2491 id
709 2450 775 2510 quo
791 2432 893 2510 magis
909 2430 1095 2492 subleuetur
1110 2448 1253 2503 excusor,
1271 2430 1345 2492 volo
1360 2430 1407 2492 illi
1422 2433 1586 2493 numerari

378 2512 492 2571 statim
518 2518 593 2591 post
620 2531 701 2591 opus
726 2514 893 2592 inceptum
919 2511 1050 2591 singulis
1077 2512 1169 2573 annis
1195 2519 1356 2574 trecentos
1383 2511 1529 2587 florenos,
1557 2515 1586 2576 si

299 2670 307 2687 ·
333 2608 366 2662 50
419 2591 546 2654 riccerit
569 2594 656 2654 intra
680 2594 936 2673 quadriennium,
962 2593 1213 2734 quadringentos
1236 2594 1264 2655 si
1287 2594 1374 2655 intra
1397 2596 1584 2657 triennium.

430 2673 481 2735 his
492 2681 603 2736 tamen
613 2674 890 2736 lucubrationibus
902 2694 967 2735 non
979 2675 1106 2754 imputa
1128 2681 1228 2737 untur
1239 2693 1336 2754 opera
1347 2674 1380 2737 S.
1394 2674 1584 2819 ffiffissffmi

378 2755 635 2818 autHilariiaut
645 2756 885 2818 similiterame
896 2758 1140 2836 recognitorum,
1153 2757 1258 2818 sinon
1268 2755 1367 2819 luerit
1377 2774 1483 2820 comm
1525 2777 1585 2820 um

377 2838 581 2979 {pigographo
595 2859 603 2900 :
628 2857 816 2918 quanquam
829 2836 890 2900 hoc
904 2856 1032 2918 quoque
1046 2857 1204 2917 cuperem,
1219 2839 1247 2900 si
1259 2857 1343 2918 equo
1356 2840 1460 2918 pretio
1473 2847 1584 2919 posset

443 2938 505 2981 ucr.

331 3018 361 3071 55
418 3000 675 3081 Castigatoribus
697 3000 772 3063 nolo
798 3001 944 3080 permitti
970 3007 1009 3061 vt
1035 3019 1109 3061 suas
1135 2999 1316 3064 additiones
1342 3008 1476 3064 assuant
1503 3005 1583 3065 meis

376 3083 548 3161 operibus:
579 3089 711 3149 tantum
729 3082 902 3145 emendent
920 3100 1040 3144 errores
1058 3080 1335 3162 typographorum
1353 3083 1477 3145 incuria
1494 3102 1581 3146 oom-

376 3164 499 3236 missos,
520 3170 579 3226 aut
597 3165 696 3226 etiam
715 3183 796 3237 mea,
817 3164 915 3226 modo
933 3165 977 3225 sit
994 3163 1180 3237 dilucidum,
1200 3163 1298 3244 idque
1315 3163 1438 3227 iaciant
1456 3167 1581 3244 paucis-

376 3245 465 3305 simis
490 3244 605 3314 verbis,
631 3252 706 3325 post
729 3245 876 3307 habitam
900 3246 985 3307 inter
1006 3246 1092 3324 ipsos
1117 3244 1331 3313 collationem.
1378 3245 1583 3327 Aduigiletur

376 3326 475 3387 etiam
497 3326 665 3405 diligenter
685 3328 720 3388 in
741 3326 936 3388 excudendis
958 3326 1165 3388 citationibus
1187 3334 1348 3399 autorum,
1370 3326 1525 3389 libmrum
1547 3337 1582 3391 et

328 3414 364 3465 60
376 3408 530 3551 &pitum
566 3407 928 3552 Achohgrngdproffim
936 3409 1146 3551 ‘potissbrmautm
1160 3410 1280 3551 ωεΙιίἶιί
1294 3409 1389 3488 cupio
1403 3407 1581 3554 HQ&

417 3507 579 3562 areanum,
732 3508 789 3551 um
893 3508 1012 3562 amum,
1122 3507 1178 3549 um
1257 3509 1398 3552 ananum
1422 3510 1440 3553 e
1531 3512 1579 3553 m·

375 3569 495 3632 facium
513 3570 761 3633 Amerbachium
779 3591 817 3632 ac
836 3570 992 3632 Basilium
1011 3570 1259 3633 Amerhachium
1276 3578 1311 3633 et
1328 3570 1360 3635 ὃ·
1385 3572 1391 3586 ’
1443 3572 1580 3634 undum.

376 3650 439 3725 Qui
462 3654 490 3714 si
513 3653 717 3726 recusabunt,
742 3654 792 3714 ius
816 3652 924 3714 heredi
947 3652 1031 3714 iasio
1055 3651 1135 3714 alios
1157 3652 1289 3715 idoneos
1385 3652 1499 3715 ciendi.
1545 3653 1580 3716 Si

374 3732 511 3795 Conrad.
529 3732 698 3796 Goelenius
714 3733 900 3814 dignabitur
919 3733 1063 3795 Basileae
1083 3732 1158 3795 huic
1176 3734 1309 3813 negocio
1329 3752 1483 3815 praeesse,
1504 3735 1579 3798 volo

326 3823 359 3886 65
373 3813 420 3875 illi
437 3817 596 3876 numerari
615 3818 788 3895 quotannis
806 3821 976 3877 coronatos
993 3821 1123 3877 centum
1141 3834 1243 3895 vsque
1260 3815 1303 3876 ad
1343 3814 1578 3892 uadriennium,

374 3903 501 3975 praeter
515 3896 550 3958 id
565 3897 653 3976 quod
667 3897 792 3959 dederit
807 3896 1039 3977 typographus,
1055 3897 1082 3957 si
1097 3896 1176 3976 quid
1191 3896 1268 3958 dare
1283 3834 1393 3971 veiam
1420 3896 1580 3961 Glareano

373 3996 486 4039 amos
507 3976 642 4040 florenos
661 3979 829 4058 sexaginta
848 3980 882 4040 in
903 3997 1004 4039 annos
1024 3977 1183 4050 totidem;
1216 3977 1420 4058 Sigismundo
1438 3979 1577 4059 quadra·

373 4060 473 4138 ginta.
520 4058 621 4120 Heme
644 4078 737 4122 suam
760 4079 801 4121 ao
822 4060 931 4122 fratris
955 4078 1086 4140 operam
1109 4059 1275 4123 estimabit
1298 4079 1357 4123 suo
1380 4060 1524 4134 arbitrio,
1549 4063 1578 4124 si

373 4159 472 4220 quam
485 4140 668 4220 impendere
683 4141 803 4202 volent.
838 4141 987 4204 Getarum
1000 4141 1153 4221 quoniam
1168 4142 1290 4204 incerta
1303 4148 1353 4203 est
1366 4160 1465 4222 opera
1476 4161 1578 4222 quam

328 4244 361 4294 70
373 4224 508 4303 quisque
521 4222 709 4302 praestabit,
723 4224 876 4302 permitto
889 4222 998 4285 hemdi
1010 4222 1115 4285 velex
1127 4224 1235 4285 animo
1248 4241 1307 4285 suo
1319 4222 1371 4285 vel
1382 4242 1425 4285 ex
1436 4242 1576 4304 exequu-

372 4310 481 4365 turum
499 4305 660 4366 sententia
679 4304 855 4366 diminuere
873 4323 1030 4385 augemus
1049 4304 1201 4366 salarium
1219 4323 1279 4384 pm
1297 4305 1394 4367 modo
1413 4307 1577 4386 impensae

372 4403 496 4464 operae.
540 4384 649 4448 Nolim
670 4392 781 4448 tamen
802 4386 909 4466 plures
931 4386 1076 4448 adhiberi
1097 4387 1306 4466 castigatores
1327 4386 1432 4448 tribus
1452 4395 1512 4449 aut
1533 4388 1578 4451 ad

404 4594 446 4643 29.
463 4582 640 4648 sigismundo]
662 4583 803 4644 Gelenius;
832 4600 875 4635 aaa
895 4586 946 4651 Ep.
999 4586 1175 4652 Thoughthis
1234 4585 1485 4649 jectisuotuamed
1548 4588 1555 4601 ‘

373 4659 446 4711 1702.
458 4647 501 4697 tn.
995 4652 1025 4701 iu
1037 4652 1085 4703 tha
1095 4650 1149 4704 will
1160 4667 1177 4702 ο
1203 4666 1233 4702 12
1247 4650 1309 4703 Feb.
1325 4654 1398 4717 1536,
1412 4651 1450 4717 by
1460 4601 1576 4718 roffi

404 4724 445 4775 32.
463 4712 607 4777 cochleare]
618 4714 725 4780 SeeEp.
739 4717 811 4766 1660.
828 4728 885 4780 ¹7¹¹·
997 4716 1123 4768 Boniiace
1141 4716 1196 4767 and
1214 4716 1316 4769 Beatus
1333 4716 1387 4769 had
1405 4717 1527 4769 resolved
1545 4725 1575 4770 tc

403 4791 444 4839 34
462 4778 583 4843 cyathos]
611 4779 728 4845 Perhaps
747 4780 824 4832 those
845 4780 874 4831 of
893 4780 943 4847 Ep.
995 4797 1072 4848 carry
1081 4784 1105 4834 it
1115 4789 1164 4834 cut
1174 4782 1266 4844 (BRE.
1278 4785 1347 4847 300).

371 4855 494 4907 1355.22.
1026 4862 1061 4913 47
1088 4848 1224 4914 catalogo]
1232 4847 1539 4901 Lucubrationumtrol.
1552 4863 1574 4909 r,

403 4909 444 4972 38.
462 4908 664 4975 Bibliothecam]
697 4910 746 4963 See
779 4911 829 4976 ap.
867 4925 940 4976 1593.
991 4927 1036 4978 pp.
1048 4914 1141 4978 38-42.
1377 4924 1378 4927 ’

373 4986 449 5037 usn·
1028 4991 1066 5044 ss·
1085 4979 1305 5045 moestus]
1339 4979 1380 5031 ⁰¹·
1415 4979 1466 5045 Er·
1508 4992 1573 5044 1544

401 5053 443 5101 43.
460 5038 586 5104 ediusus]
619 5040 658 5091 cf.
691 5041 741 5106 Ep.
776 5055 848 5107 1732·
882 5054 941 5095 son.
988 5044 1089 5097 introd.
1542 5072 1545 5077 ·
