3534 5984
355 689 414 752 120
708 689 903 754 Lamnas
924 690 980 751 or
1001 688 1201 753 numurus
1462 690 1556 765 [1525

395 852 500 927 Quom
512 874 589 916 vero
601 874 642 916 ex
653 853 852 916 nobilissime
861 854 918 914 ille
930 854 1096 932 prouincia
1107 852 1283 914 clarissime
1294 871 1420 931 semper
1429 852 1559 932 ingenie

295 965 340 1016 145
353 933 546 1009 effluxerint,
565 956 664 1016 quom
683 943 859 1017 prouentus
877 955 972 997 verae
990 935 1150 1015 religionis
1168 935 1346 996 maximum
1364 932 1439 996 inde
1457 935 1557 995 incre·

355 1024 500 1078 mentum
522 1019 690 1098 acceperit,
712 1019 829 1080 mirum
850 1024 901 1079 est
922 1017 1067 1096 profecto
1087 1016 1251 1096 quomodo
1271 1023 1341 1078 tam
1361 1023 1494 1095 repente
1515 1015 1558 1075 ed

353 1098 495 1161 insanias
524 1101 662 1162 hominis
690 1120 794 1181 neque
823 1101 912 1161 docti
941 1119 1046 1179 neque
1075 1098 1251 1160 admodum
1281 1099 1379 1171 acuti,
1410 1103 1449 1158 vt
1478 1097 1557 1159 mihi

353 1179 492 1255 videtur,
504 1200 525 1242 e
535 1183 722 1244 constitutis
732 1181 809 1244 olim
820 1188 855 1244 et
865 1180 1063 1243 confirmatis
1074 1187 1205 1260 petrum
1216 1179 1353 1242 decretis
1364 1178 1536 1241 desciuerit
1549 1199 1556 1239 :

352 1263 424 1335 nisi,
446 1269 484 1325 vt
502 1265 656 1343 suspicor,
675 1263 711 1325 id
729 1264 855 1326 factum
874 1264 918 1324 sit
937 1283 1003 1325 non
1022 1270 1093 1325 tam
1111 1262 1222 1324 studio
1240 1269 1275 1324 et
1295 1280 1404 1323 amore
1424 1260 1558 1322 Lutheri

294 1373 343 1424 150
353 1363 463 1422 quam,
489 1352 527 1406 vt
550 1347 645 1408 video
669 1344 728 1407 ebs
751 1352 785 1408 te
809 1363 962 1425 persaepe
985 1352 1155 1419 testatum,
1179 1344 1254 1405 odio
1276 1343 1499 1423 theologorum
1523 1347 1559 1404 et

354 1427 584 1489 monachorum
614 1428 828 1508 quorundam,
860 1428 918 1507 qui
948 1428 1009 1488 sibi
1040 1426 1138 1488 titulo
1168 1426 1329 1505 religionis
1358 1444 1492 1504 regnum
1523 1430 1558 1485 et

352 1509 559 1587 tyrannidem
580 1516 797 1589 parauerant;
830 1527 969 1588 quorum
991 1515 1105 1569 votum
1126 1509 1191 1569 fuit
1210 1509 1245 1569 in
1266 1507 1434 1569 hominum
1455 1525 1557 1586 aeque

354 1590 477 1651 animos
497 1598 532 1653 et
551 1590 637 1653 bona
655 1592 802 1672 grassem.
844 1590 915 1652 Hoc
934 1591 1046 1670 iteque
1065 1589 1163 1651 modo
1180 1590 1305 1651 factum
1324 1595 1375 1651 eat
1394 1595 1433 1650 vt
1451 1609 1469 1650 e
1489 1608 1556 1650 car-

296 1728 299 1734 .
353 1669 488 1733 bonaria
498 1674 532 1734 in
544 1673 714 1735 calcariam
726 1673 1020 1752 praecipitauerint,
1033 1691 1131 1751 quom
1145 1691 1165 1733 e
1177 1672 1407 1733 monachorum
1418 1671 1558 1732 auaritia

293 1781 339 1834 ¹55
354 1752 397 1814 ad
415 1753 550 1816 Lutheri
565 1756 768 1835 impietatem
786 1754 995 1834 perfugerint,
1014 1761 1049 1816 et
1067 1754 1150 1815 hanc
1168 1752 1300 1833 quidem
1319 1753 1423 1814 multo
1441 1772 1555 1814 nocen-

352 1834 469 1977 tiorerlrli
483 1856 490 1897 :
513 1836 569 1897 ille
580 1838 666 1898 enim
676 1836 826 1898 fortunae
838 1835 934 1909 bona,
947 1837 1007 1897 hac
1019 1837 1106 1897 bone
1116 1837 1216 1897 animi
1227 1842 1326 1915 atque
1338 1834 1419 1897 adeo
1430 1835 1557 1896 animae

354 1917 440 1995 peric
454 1918 587 1979 tantur.

394 1997 481 2060 Puto
510 2005 545 2061 et
573 1999 688 2061 iccirco
718 2008 871 2062 conatum
902 2000 988 2061 hunc
1019 1999 1152 2061 Lutheri
1182 1998 1376 2078 quibusdam
1407 1997 1557 2060 blandius

353 2080 505 2154 arrisisse,
526 2081 614 2160 quod
632 2081 686 2143 ille
706 2081 748 2143 ab
768 2081 872 2143 officio
892 2088 927 2143 et
946 2081 1154 2143 obseruantia
1172 2080 1337 2143 Pontificis
1356 2080 1557 2159 aliorumque

293 2180 342 2231 ιω
353 2161 536 2240 principum
557 2163 702 2225 homines
724 2162 916 2236 deuocabet,
938 2170 973 2225 et
995 2163 1172 2225 humanum
1194 2162 1435 2243 quodammodo
1456 2180 1557 2241 genus

354 2261 452 2306 manu
473 2244 637 2307 mittebat.
678 2244 756 2320 Quis
774 2266 851 2308 vero
868 2252 920 2307 est
937 2246 994 2325 qui
1008 2265 1074 2307 non
1086 2245 1225 2308 libenter
1237 2247 1349 2325 iugum
1362 2246 1509 2307 excutiet
1521 2249 1557 2305 et

351 2324 537 2388 libertatem
564 2326 792 2407 amplexetur?
833 2328 1022 2408 praesertim
1049 2346 1149 2407 quom
1177 2327 1220 2389 ad
1245 2326 1429 2389 libertatem
1456 2327 1556 2388 etiam

352 2406 554 2488 indulgentie
585 2409 728 2472 accedat.
782 2410 850 2473 Nec
881 2411 968 2472 enim
1001 2409 1073 2471 vult
1105 2409 1266 2471 Lutherus
1298 2427 1484 2488 quenquam
1516 2406 1556 2469 de

352 2489 534 2551 actionibus
555 2493 621 2552 suis
642 2491 819 2553 admodum
840 2493 974 2553 anxium
995 2511 1085 2553 esee:
1118 2491 1278 2570 siquidem
1299 2489 1501 2552 adsalutem
1522 2496 1558 2551 et

293 2588 338 2651 165
352 2573 579 2634 aeternitatem
602 2573 848 2653 promerendam
870 2573 968 2635 fidem
991 2580 1026 2635 et
1049 2575 1237 2653 senguinem
1260 2572 1379 2634 Christi
1402 2571 1556 2633 sufficere.

352 2650 538 2715 Lasciuiant
554 2654 654 2734 igitur
671 2656 826 2729 homines,
845 2655 1053 2728 obsonentur,
1071 2661 1327 2736 pergi-secentur,
1344 2655 1378 2715 in
1396 2673 1556 2726 venerem,

351 2733 386 2795 in
412 2734 535 2809 caedes,
559 2737 594 2798 in
617 2737 757 2816 rapinas,
785 2744 824 2799 vt
849 2736 951 2810 lubet,
975 2736 1168 2798 efferantur:
1204 2742 1356 2815 paratum
1381 2742 1493 2797 tamen
1515 2736 1556 2796 iis

352 2815 486 2890 coelum,
506 2825 622 2897 parete
639 2820 830 2881 immortalis
846 2819 995 2891 felicitas,
1013 2819 1041 2880 si
1058 2816 1138 2879 fides
1155 2819 1345 2880 inconcusse
1362 2823 1503 2890 maneat,
1522 2824 1557 2878 et

351 2897 386 2957 in
403 2900 558 2978 sunguine
575 2898 694 2962 Christi
711 2919 784 2980 spes
802 2907 891 2963 certe
907 2901 1065 2962 subsidet.
1105 2900 1157 2961 En
1174 2901 1304 2979 qualem
1321 2899 1478 2961 artificem
1495 2897 1556 2960 sibi

293 3009 341 3060 ¹70
352 2977 538 3122 &panim
556 2981 687 3123 antglelus
718 2983 892 3125 neqdffioe’
924 3001 1023 3078 quem
1054 2980 1217 3055 callidum,
1249 3000 1348 3061 quam
1364 2980 1555 3124 bpellfflrl

353 3139 525 3236 ιιιιιι.
538 3081 826 3238 iuberem?
842 3082 1141 3225 crurium
1155 3082 1557 3224 emirfeirum

353 3221 526 3301 discipulos
558 3243 592 3286 m
625 3228 821 3289 sententiam
853 3228 966 3300 traxit,
1000 3228 1161 3289 neminem
1194 3246 1339 3306 vnquem
1372 3225 1557 3288 auditorum

353 3303 524 3366 desciuisse
540 3308 721 3386 accepimus
759 3316 865 3371 raeter
881 3309 1100 3371 Metrodorum
1117 3309 1224 3370 nescio
1240 3328 1347 3388 quem.
1385 3307 1559 3370 Illectebet

293 3413 338 3466 175
353 3384 474 3447 scilicet
483 3387 536 3448 ille
548 3389 690 3467 optimus
701 3328 885 3453 dediturum
897 3392 1049 3471 magister
1060 3390 1268 3452 aduenientes
1282 3412 1289 3452 :
1311 3389 1436 3451 illectos
1447 3396 1557 3451 eutem

353 3468 446 3528 nouis
469 3487 594 3548 semper
617 3471 784 3533 blandiciis
806 3472 979 3545 retinebat,
1003 3479 1119 3551 vtpote
1141 3473 1198 3552 qui
1221 3473 1393 3551 unicuique
1417 3492 1457 3533 ex
1480 3491 1557 3533 suae

353 3555 489 3612 naturae
521 3553 648 3630 pruritu
679 3554 865 3633 voluptates
896 3555 1117 3616 edmetiretur.
1170 3554 1262 3615 Adde
1294 3554 1382 3633 quod
1413 3554 1558 3615 homines

353 3634 472 3693 nature
490 3636 651 3709 φιλόκαινοι
672 3643 759 3709 sunt,
779 3636 836 3698 sed
856 3643 892 3698 et
908 3636 1006 3698 iidem
1027 3638 1156 3715 ἁψίκοροι
1177 3656 1245 3697 esse
1267 3635 1381 3708 solent,
1405 3641 1440 3696 et
1461 3641 1556 3695 erunt

353 3731 453 3793 prope
477 3714 572 3789 diem,
594 3718 627 3778 ni
648 3738 699 3779 me
722 3718 808 3780 fallit
831 3719 962 3798 opinio:
994 3739 1053 3780 neo
1073 3719 1159 3779 enim
1180 3736 1264 3796 quae
1285 3717 1371 3778 male
1391 3723 1478 3788 sunt,
1500 3716 1556 3776 diu

292 3810 341 3863 180
353 3794 477 3874 plaeere
506 3805 651 3876 possunt.
702 3799 880 3881 Instigator
904 3800 958 3861 ille
987 3799 1099 3879 populi
1121 3798 1326 3861 Atheniensis
1349 3819 1449 3878 quom
1476 3798 1557 3860 bene

352 3876 531 3940 consulenti
541 3882 791 3945 comminaretur
798 3903 873 3944 eum
885 3883 967 3943 mele
978 3880 1172 3943 mulctatum
1179 3882 1229 3953 iri,
1240 3882 1267 3941 si
1278 3881 1409 3960 quando
1420 3880 1557 3960 populus

351 3958 495 4039 desipere
515 3963 693 4040 coepisset:
722 3964 789 4027 ‘At
808 3972 846 4026 tu
860 3965 879 4038 ’,
900 3965 1008 4044 inquit
1025 3963 1089 4036 ille,
1127 3963 1175 4024 ‘si
1195 3963 1326 4041 quando
1344 3964 1525 4042 resipiuerit
1538 3962 1557 4022 ’.

353 4038 444 4101 Idem
466 4042 526 4103 hoe
547 4042 659 4105 videor
679 4047 846 4108 commode
867 4048 901 4107 in
923 4046 1100 4107 Lutherum
1125 4052 1274 4123 torquere
1300 4063 1403 4123 posse,
1425 4046 1477 4105 cui
1498 4062 1557 4122 pro

353 4140 392 4181 ea
404 4141 503 4200 quem
524 4124 648 4186 inuexit
667 4126 824 4201 doctrina,
844 4128 917 4207 plus
937 4128 1037 4189 nimio
1054 4145 1186 4208 grauem
1206 4125 1383 4187 mercedem
1397 4125 1558 4187 Germana

293 4216 336 4277 185
353 4203 444 4262 natio
458 4203 582 4265 dudum
600 4208 764 4285 percoluit.

394 4283 457 4345 Sed
473 4285 554 4346 illud
571 4307 636 4348 non
654 4290 855 4353 incommode
873 4291 999 4364 cecidit,
1041 4290 1106 4351 uod
1124 4289 1236 4350 eadem
1255 4287 1427 4349 Germania
1443 4287 1557 4348 eadem

353 4371 462 4426 aetate
473 4386 539 4446 que
549 4368 642 4430 nobis
653 4371 713 4432 hoo
725 4381 905 4435 monstrum
916 4373 994 4436 tulit
1058 4371 1218 4450 religionis
1228 4376 1263 4431 et
1274 4388 1399 4430 morum
1410 4370 1556 4441 exitium,

389 4524 444 4588 Ι58.
463 4527 560 4579 idcirco
573 4530 606 4580 N.
643 4531 737 4598 ΜοῘ.
751 4550 772 4585 ο.
788 4547 828 4598 79.
931 4533 987 4597 178.
1003 4531 1112 4597 ἁψίκοροι
1126 4532 1161 4583 H.
1261 4531 1315 4583 182.
1334 4533 1474 4599 resipuerit
1485 4532 1520 4583 N.

353 4644 454 4651 *ψ
462 4646 611 4654 ——-

389 4719 478 4770 153-4
496 4709 688 4772 combonerie]
703 4710 742 4763 Of.
759 4711 831 4763 Tert.
848 4711 927 4762 uam.
980 4714 1110 4773 tentiam
1146 4715 1188 4764 cui
1215 4728 1303 4766 comes
1331 4713 1444 4764 alterum
1472 4713 1557 4764 veluti

352 4770 481 4826 Christ&
979 4793 1142 4844 germanum,
1157 4780 1230 4845 quod
1245 4781 1360 4844 ἀψίκορον
1377 4785 1485 4838 vocant,
1502 4793 1557 4844 quo

389 4839 445 4890 166.
461 4839 927 4904 pergraecenturJAPlautineword.
980 4858 1042 4894 mox
1053 4844 1227 4895 fastidiuntur
1273 4845 1391 4896 uloente
1402 4843 1553 4894 adamate’.

367 4904 929 4982 '1783erltaewe10frldap1885‚‘vi·
1017 4860 1396 4976 180.1netigatorY.Phocion:
1429 4908 1554 4958 aeePlut

352 4974 421 5020 trum
440 4969 525 5021 illud.
540 5008 546 5021 .
561 5009 567 5022 .
582 4972 655 5038 quod
674 4972 767 5024 Graeci
787 4973 944 5035 calceum
980 4973 1056 5025 Ploc.
1068 4990 1094 5037 9,
1110 4974 1164 5026 and
1175 4976 1209 5026 cf.
1225 4974 1358 5026 Erasmm'
1372 4972 1553 5036 Apopllleqm.

352 5035 497 5100 eppellmt,
511 5036 539 5087 id
551 5044 594 5087 eat
606 5053 736 5089 nouarum
749 5052 836 5089 rorum
850 5052 929 5103 eppe-
979 5040 1016 5100 iv,
1028 5038 1168 5106 Phocion5
1182 5041 1248 5103 (LB.
1262 5043 1298 5092 iv.
1312 5042 1401 5102 που).
