3534 5984
308 681 370 743 sse
662 678 853 742 inmens
875 676 1149 742 cassianus
1422 680 1516 756 [1527

313 845 407 907 huius
430 844 669 906 lucubrationes
690 844 842 906 tribuunt
864 843 997 916 Graeoi;
1034 844 1155 923 hosque
1178 843 1262 905 solos
1286 852 1435 907 testatur
1458 844 1518 905 sibi

314 927 414 988 lectos
435 926 555 988 Hieron
612 947 659 999 us,
682 926 832 988 videlicet
851 934 891 988 vt
911 927 1055 987 omnium
1076 924 1307 987 celeberrimos.
1352 927 1420 988 Eos
1442 934 1518 988 ante

313 1008 477 1070 biennium
495 946 681 1152 emigrem
700 1008 828 1070 Graecis
844 1008 1011 1069 formulis:
1042 1027 1123 1087 quos
1141 1026 1212 1069 meo
1229 1007 1363 1087 quidem
1383 1010 1518 1071 hortatu

314 1090 448 1152 Latinos
470 1090 547 1152 fecit
616 1110 746 1152 rmanus
769 1090 897 1152 Brixius
920 1090 1204 1162 Altissiodoreusis,
1229 1090 1338 1151 Latini
1361 1091 1460 1152 iuxta
1482 1110 1518 1152 ac

266 1198 297 1255 95
314 1172 427 1234 Gracci
452 1174 606 1234 sermonis
629 1173 782 1234 facundia
805 1173 851 1234 sic
875 1171 1054 1233 exuberans
1078 1179 1117 1232 vt
1140 1172 1392 1251 chrysostomiei
1417 1173 1520 1233 fontis

316 1254 498 1316 vbertatem
513 1274 572 1315 sua
587 1255 817 1335 propemodum
833 1255 992 1333 superarit
1006 1254 1109 1334 copia,
1125 1254 1244 1332 vixque
1259 1254 1324 1315 alio
1338 1255 1520 1334 interprete

316 1336 396 1397 mihi
412 1336 524 1398 videar
539 1337 801 1416 chrysostomum
818 1337 928 1397 audire
944 1336 1139 1416 loquentem.
1177 1335 1259 1397 Sane
1274 1335 1415 1398 feliciter
1431 1335 1520 1416 quod

316 1418 515 1480 habebamus
529 1419 624 1480 huius
638 1419 779 1480 doctoris
793 1418 1094 1490 elaboratissimum,
1110 1418 1145 1479 in
1159 1436 1269 1497 parem
1283 1417 1403 1479 incidit
1416 1417 1520 1479 artifi-

316 1519 396 1562 cem.
437 1500 516 1562 Mihi
536 1508 698 1562 cesserunt
717 1501 795 1562 haec
814 1521 880 1562 non
900 1501 1006 1561 minus
1026 1500 1122 1561 vtilia
1134 1499 1191 1561 sed
1204 1501 1310 1560 minus
1328 1499 1521 1574 elaborata;

253 1582 475 1662 roosiquidem
497 1582 555 1642 illa
578 1584 706 1663 scripsit
731 1582 946 1646 eruditissimo
973 1582 1103 1655 Basilio,
1128 1582 1206 1643 hacc
1231 1582 1361 1661 parauit
1386 1581 1522 1643 auribus

317 1665 514 1744 promiscuae
535 1664 763 1726 multitudinis.
806 1664 905 1726 Porro
926 1682 1009 1744 quae
1029 1684 1115 1725 nunc
1135 1665 1186 1725 tui
1205 1663 1345 1725 nominis
1366 1664 1523 1743 auspiciis

317 1746 434 1808 damus
455 1766 541 1807 noua
563 1746 689 1807 Latinis
711 1745 850 1819 auribus,
874 1746 952 1808 hacc
975 1752 1072 1807 sunt:
1107 1745 1259 1807 aduersus
1281 1744 1421 1807 Iudaeos
1445 1765 1522 1807 con·

318 1830 424 1889 ciones
443 1829 607 1908 quinque;
639 1828 679 1890 de
699 1828 821 1889 lazaro
840 1836 1001 1907 quatuor;
1033 1828 1171 1889 totidem
1190 1827 1231 1888 de
1251 1826 1381 1888 Visione
1402 1826 1524 1888 Esaiae

318 1917 352 1971 et
373 1910 450 1971 Osia
469 1909 578 1989 Rege;
611 1929 676 1971 vna
695 1910 735 1971 de
754 1910 905 1972 laudibus
924 1909 1104 1989 Philogonii
1122 1909 1226 1988 deque
1244 1909 1341 1989 digne
1360 1909 1525 1970 sumenda

257 2016 302 2070 105
318 1991 533 2052 Eucharistia.
581 1990 888 2054 Commentariorum
916 1994 950 2053 in
974 1992 1067 2065 Acta,
1092 1992 1244 2070 quoniam
1268 1991 1309 2052 de
1335 1990 1429 2052 tituli
1458 1990 1524 2052 fide

318 2071 619 2146 subdubitabamus,
645 2082 774 2153 gustum
800 2074 896 2136 modo
920 2073 1145 2154 praebuimus;
1182 2072 1270 2152 quod
1294 2079 1456 2152 superest,
1482 2093 1525 2134 ex

318 2154 517 2217 eruditorum
532 2154 692 2235 suffragiis
705 2156 757 2217 vel
771 2157 920 2217 omissuri
933 2156 985 2217 vel
998 2155 1151 2216 addituri.

242 2313 245 2317 Ι
360 2235 569 2298 Habebamus
589 2245 623 2299 et
644 2238 725 2299 alias
745 2238 964 2317 Chrysostomi
983 2237 1231 2310 lucubrationes,
1252 2236 1309 2297 sed
1330 2235 1525 2315 prolixiores

319 2337 419 2398 quam
434 2325 473 2380 vt
487 2339 572 2380 nune
587 2338 642 2381 eas
656 2319 733 2381 dare
748 2321 956 2400 potuerimus,
972 2326 1024 2381 tot
1039 2319 1111 2380 aliis
1125 2318 1305 2380 studiorum
1320 2319 1525 2397 argumentis

258 2426 309 2466 rro
319 2400 478 2474 distracti,
498 2408 538 2462 vt
555 2402 590 2462 in
610 2401 660 2463 his
679 2402 842 2463 vertendis
861 2403 966 2463 coacti
988 2402 1088 2463 simus
1111 2400 1282 2480 aliquoties
1306 2399 1349 2460 ad
1372 2400 1525 2462 dictandi

320 2482 544 2563 compendium
576 2483 755 2563 confugere.
807 2482 870 2546 Sed
899 2483 957 2543 illa
986 2482 1151 2544 dabuntur
1183 2483 1282 2555 breui,
1313 2483 1341 2542 si
1372 2481 1525 2544 Christus

320 2566 521 2644 aspirauerit.
554 2565 621 2627 Nec
633 2567 718 2627 enim
730 2566 765 2626 in
778 2565 842 2627 alio
854 2566 1007 2646 scriptore
1017 2564 1170 2626 libentius
1183 2565 1287 2625 ocium
1301 2583 1338 2625 ae
1351 2564 1523 2643 negocium

320 2653 467 2788 nosltrum
478 2646 679 2710 collocamus.
712 2647 796 2709 Nam
809 2648 860 2710 hic
871 2647 1025 2727 profecto,
1037 2649 1064 2707 si
1075 2648 1148 2726 quis
1159 2646 1242 2707 alius
1252 2647 1338 2707 inter
1348 2647 1524 2725 scriptores

320 2749 374 2790 ecc
387 2730 563 2802 esiasticos,

260 2853 306 2907 ¹15
505 2827 606 2889 Omne
626 2828 704 2889 tulit
724 2835 891 2906 punctum,
913 2828 969 2906 qui
989 2828 1119 2888 miscuit
1138 2827 1219 2889 vtile
1239 2825 1335 2887 dulci.

323 2924 401 2999 Quis
415 2926 500 2986 enim
515 2925 610 2986 docet
624 2925 831 2987 euidentius?
868 2924 947 2998 Quis
961 2925 1137 2986 haereticos
1150 2924 1268 2986 refellit
1281 2923 1413 2984 acrius?
1443 2922 1524 2996 Quis

321 3008 356 3067 in
371 3025 475 3069 mores
489 3007 650 3069 declamat
663 3007 715 3070 vel
728 3007 928 3086 frequentius
943 3007 995 3068 vel
1007 3007 1165 3068 liberius?
1201 3006 1246 3066 At
1260 3011 1382 3077 contra,
1399 3006 1475 3084 quis
1488 3004 1523 3065 id

322 3089 402 3150 facit
419 3089 632 3169 popularius?
670 3090 777 3151 Tanta
794 3089 963 3151 charitatis
979 3090 1141 3150 suauitate
1159 3086 1330 3150 condulcet
1346 3086 1448 3149 etiam
1465 3086 1524 3148 illa

323 3188 407 3249 quae
420 3178 538 3231 natura
552 3178 629 3232 sunt
643 3190 763 3231 amara.
799 3170 961 3244 Quosdam
976 3172 1033 3231 vix
1046 3169 1178 3231 ferimus
1192 3168 1372 3241 adulantes,
1387 3168 1474 3229 hunc
1489 3175 1524 3229 ct

262 3279 311 3318 120
323 3252 546 3331 obiurgantem
556 3254 659 3331 possis
669 3271 787 3314 amare.
820 3252 891 3313 Iam
902 3260 1027 3332 quanta
1036 3251 1155 3331 ubique
1166 3270 1242 3313 cura
1252 3250 1523 3330 prouidentiaque

323 3352 511 3414 pauperum,
530 3354 629 3412 quam
647 3334 784 3395 sollicita
801 3334 843 3394 ad
862 3335 1074 3397 humanitatis
1091 3333 1195 3395 officia
1212 3333 1402 3405 cohortatio,
1423 3350 1523 3411 quam

323 3414 459 3494 diligens
481 3416 710 3477 monachorum
733 3416 990 3479 commendatio!
1026 3436 1107 3496 quos
1129 3422 1201 3477 tum
1224 3414 1372 3487 mundus,
1398 3414 1523 3493 opinor,

323 3495 466 3559 habebat
479 3499 629 3577 optimos.
1320 3561 1323 3568 ,

365 3579 490 3641 Omitto
508 3580 595 3659 quod
612 3580 669 3641 vix
685 3579 768 3641 alius
785 3580 878 3660 plura
895 3580 1032 3659 scripsit,
1049 3600 1107 3641 nec
1123 3580 1158 3640 in
1176 3580 1225 3641 his
1242 3578 1344 3641 vllum
1361 3583 1412 3638 est
1429 3595 1523 3656 argu-

264 3688 308 3741 ¹25
323 3668 469 3723 mentum
483 3661 570 3741 quod
582 3683 648 3723 non
661 3668 782 3723 tractet
794 3681 832 3723 ea
845 3681 928 3741 quae
941 3669 1018 3724 sunt
1031 3662 1229 3723 Christianae
1242 3659 1373 3741 pietatis
1387 3679 1394 3732 ;
1420 3677 1524 3738 quum

323 3744 521 3823 Augustinus
534 3751 653 3817 noster,
667 3744 723 3824 qui
736 3763 809 3805 cum
822 3744 883 3806 hoc
896 3743 1105 3824 polygrapbia
1116 3743 1262 3805 fortassis
1273 3748 1395 3803 certare
1408 3740 1523 3819 possit,

323 3832 453 3887 tantum
473 3845 587 3906 operae
607 3826 732 3888 dederit
749 3826 988 3905 grammaticae,
1007 3825 1203 3899 dialecticae,
1223 3824 1372 3896 musicae,
1392 3841 1431 3883 ac
1450 3841 1524 3901 pro·

324 3907 449 3987 phanae
473 3907 692 3988 philosophiae
715 3907 966 3987 quaestionibus.
1011 3907 1136 3970 Harum
1159 3905 1397 3986 disciplinarum
1421 3923 1525 3983 quum

324 3988 570 4069 Chrysostomus
582 3990 680 4051 fuerit
692 3997 805 4051 exacte
817 3989 933 4051 doctus
947 3990 1132 4067 (oratoriam
1145 3990 1230 4050 enim
1244 4008 1332 4068 puer,
1346 3994 1385 4047 vt
1398 3985 1525 4047 dictum

263 4096 311 4148 130
324 4077 384 4143 eet,
407 4070 467 4131 sub
490 4070 625 4132 Libanio
646 4072 781 4145 rhetore,
804 4071 1040 4151 philosophiam
1060 4071 1175 4132 didicit
1195 4070 1256 4131 sub
1277 4067 1524 4147 Andragatbio),

323 4151 446 4214 nullam
469 4159 579 4215 tamen
602 4172 738 4233 vsquam
761 4153 895 4233 praebet
917 4154 1143 4215 ostentationis
1164 4153 1310 4233 speciem,
1334 4150 1391 4211 sed
1413 4168 1526 4211 omnes

325 4234 483 4296 humanas
498 4234 683 4314 disciplinas
696 4237 784 4315 cogit
798 4236 916 4297 sentire
930 4235 1046 4315 pietati
1061 4234 1268 4307 Christianae,
1284 4233 1329 4294 sic
1345 4231 1526 4293 admiscens

324 4317 418 4396 quasi
437 4318 550 4377 vinum
569 4335 755 4396 generosum
777 4336 862 4396 aqua
881 4317 1007 4379 modica
1025 4316 1140 4378 diluas.
1181 4316 1349 4396 Nusquam
1368 4314 1455 4375 enim
1474 4320 1528 4374 est

325 4416 429 4476 aquae
453 4398 506 4459 vel
525 4398 614 4460 color
633 4399 685 4461 vel
706 4417 810 4479 sapor,
832 4399 889 4461 ssd
909 4406 1020 4460 tamen
1039 4400 1141 4460 sentis
1160 4400 1273 4459 vinum
1293 4416 1361 4458 esse
1382 4395 1525 4457 suauius.

266 4498 311 4554 ¹35
326 4478 496 4559 Quumque
525 4487 639 4542 tantus
667 4488 753 4542 esset
780 4488 852 4543 tum
880 4480 1061 4543 eruditione
1090 4487 1162 4541 tum
1190 4479 1385 4560 eloquentia,
1414 4484 1527 4538 tamen

363 4627 418 4674 1²4
436 4618 477 4664 asi
490 4614 548 4664 cdd.
562 4617 599 4669 βε
622 4630 670 4665 om.
686 4632 728 4676 αγ.
854 4628 960 4679 ¹29-30·
978 4631 1052 4681 puer,
1066 4619 1098 4666 vt
1110 4614 1213 4666 dictum
1230 4618 1279 4673 est,
1290 4613 1348 4664 cdd.
1361 4614 1398 4666 B:
1421 4627 1471 4662 om.
1482 4626 1527 4675 αγ.

330 4692 385 4741 ¹3²·
403 4678 533 4729 humanas
541 4679 693 4746 disciplinas
702 4680 760 4731 add.
771 4683 807 4735 B:
827 4697 875 4732 om.
886 4698 928 4743 ny.
1050 4699 1099 4744 αγι
1117 4681 1281 4733 Christianae
1290 4678 1385 4745 pietati
1394 4679 1421 4731 d.

358 4866 401 4913 92·
419 4851 609 4918 Hieronymus]
622 4851 679 4904 car.
692 4853 787 4941 deripi.
800 4854 905 4915 Eccita,
983 4870 1025 4917 94.
1045 4850 1161 4912 Brixius]
1172 4851 1255 4904 SeeE
1275 4868 1301 4917 p.
1317 4864 1390 4916 1733,
1403 4852 1477 4914 1736.

326 4917 746 4986 wherccbrysostomappssrsss
772 4920 905 4973 Iohannes
988 4916 1236 4985 105.inActa]See
1289 4920 1381 4968 .1801.

325 4982 506 5037 Antiochense
516 4984 641 5036 ecclesiae
711 4985 816 5052 bytsr‘.
989 5001 1043 5038 110.
1061 4982 1244 5044 dictandiwf.
1257 4934 1308 5033 ld
1324 4994 1397 5047 1790.
1411 4994 1453 5046 5²·

359 5061 401 5109 93.
420 5001 791 5117 euulgsrstSoeidffrssa.
989 5064 1043 5115 115.
1062 5048 1277 5112 Omnclflor.A.
1304 5061 1381 5111 443.
