3534 5984
349 703 413 763 108
707 702 902 766 amnicus
924 703 980 766 OF
1001 703 1201 766 ERASMUS
1464 708 1559 784 [1525

352 873 426 928 rent
457 869 602 929 omnium
634 868 710 929 odio
740 870 893 948 risuique.
947 868 1042 931 Nunc
1075 867 1117 929 ob
1150 887 1327 947 paucorum
1359 868 1560 931 dementiam

351 948 530 1011 infamatur
552 949 641 1011 ordo.
686 949 799 1029 Neque
823 950 912 1012 nulla
935 950 1013 1011 muli
1035 969 1120 1029 pars,
1144 951 1172 1011 si
1195 950 1384 1029 permittitis
1407 969 1459 1012 me
1483 972 1561 1013 vera

351 1030 451 1110 loqui,
464 1032 499 1093 in
513 1052 571 1093 vos
584 1031 708 1094 recidit.
748 1032 832 1095 Olim
846 1034 946 1093 vestri
960 1032 1103 1112 plerique
1116 1031 1334 1093 cenniuebant
1348 1032 1391 1092 ad
1404 1032 1559 1095 clamores

306 1133 336 1183 25
352 1112 611 1175 Dominicalium.
662 1114 869 1176 Carmehtam
900 1114 1008 1193 pelam
1037 1114 1252 1175 insanientem
1282 1114 1438 1175 toleratis.
1491 1114 1559 1177 Nec

351 1192 468 1255 dubito
494 1196 573 1275 quin
600 1196 652 1257 hic
677 1195 805 1258 libellus
831 1197 919 1275 apud
947 1214 1006 1257 vos
1032 1195 1243 1269 distrahatur,
1270 1214 1372 1274 quum
1398 1197 1434 1258 in
1459 1197 1559 1258 titulo

351 1275 472 1338 habeat
484 1297 522 1339 co
566 1297 661 1339 omen
674 1278 826 1359 theologi,
840 1298 941 1357 quum
955 1276 1015 1339 liat
1028 1278 1151 1339 mentio
1164 1276 1309 1338 Iaouanii.
1344 1277 1459 1340 Noluit
1471 1280 1558 1339 enim

350 1359 384 1419 in
399 1365 509 1420 toturn
523 1298 714 1422 Vincentius
728 1360 861 1440 perdere
877 1361 973 1421 huius
987 1359 1088 1421 libelli
1102 1358 1246 1439 gloriam,
1263 1378 1364 1438 quum
1379 1358 1444 1421 illic
1459 1361 1559 1422 toties

350 1439 502 1503 laudetur
524 1442 711 1504 Vincentius
733 1442 775 1504 ab
798 1442 960 1516 Haerlem,
982 1442 1118 1503 eximius
1140 1440 1319 1520 theologus,
1341 1460 1416 1502 cum
1438 1441 1558 1503 Iacobo

305 1542 339 1591 30
351 1520 498 1585 Latome.
535 1523 662 1586 Bellum
676 1544 753 1586 vero
766 1526 878 1604 iugum
892 1523 1001 1586 theolo
1022 1542 1115 1584 orum
1130 1522 1389 1597 Iaouaniensium,
1405 1531 1443 1584 vt
1457 1524 1557 1585 talem

350 1604 466 1684 aliquis
483 1605 604 1748 ludim
621 1606 795 1668 Latomum
812 1606 918 1685 qualis
935 1612 986 1667 est
1002 1543 1201 1667 Vincentius.
1240 1604 1388 1666 Formica
1405 1605 1556 1680 camelus,

351 1694 390 1747 vt
406 1689 483 1748 aiun
502 1735 509 1748 .

390 1768 531 1830 Mundus
552 1769 658 1830 adhuc
679 1768 779 1830 habet
799 1769 920 1831 multos
940 1769 1054 1830 doctos
1074 1775 1108 1829 et
1129 1767 1279 1829 cordatos
1300 1768 1396 1842 viros,
1418 1787 1556 1847 quorum

349 1851 453 1911 tacita
465 1849 585 1912 iudicia
598 1870 664 1912 non
678 1857 808 1930 oportet
821 1857 1036 1913 contemnere.
1073 1849 1157 1925 Quid
1170 1851 1251 1911 istos
1266 1851 1402 1912 censetis
1415 1851 1557 1931 cogitare

303 1950 334 2000 35
349 1950 451 2009 quum
467 1931 551 1993 tales
565 1931 678 2011 legunt
692 1932 844 1995 libellos?
885 1931 1080 1994 Huiusmodi
1095 1952 1223 1993 scurrae
1239 1931 1366 1994 faciunt
1382 1939 1420 1993 vt
1436 1934 1556 2012 passim

349 2031 436 2073 nunc
471 2012 650 2092 perdantur
685 2016 891 2088 monasteria,
927 2014 1130 2077 collabantur
1165 2014 1358 2075 academiae.
1416 2014 1556 2076 Mundus

349 2092 473 2156 diuhns
493 2096 560 2156 ista
580 2102 734 2175 portenta
753 2096 836 2158 terre
857 2116 924 2158 non
946 2098 1065 2176 potuit.
1109 2096 1154 2157 Et
1176 2096 1265 2175 quod
1287 2116 1307 2157 a
1329 2097 1440 2175 paucis
1462 2096 1556 2158 malis

348 2178 555 2238 commissum
567 2184 628 2252 est,
642 2177 806 2240 confertur
818 2180 852 2240 in
865 2180 1043 2251 vniuersos,
1056 2178 1257 2257 iniquissimo
1270 2178 1402 2257 quidem
1414 2177 1533 2240 iudicio
1547 2199 1555 2250 ;

348 2257 406 2319 sed
424 2259 470 2320 sic
489 2265 568 2355 sunt
586 2260 753 2357 hominum
772 2280 887 2333 mores,
902 2262 1108 2341 suspicantur
1121 2278 1179 2321 vos
1192 2260 1321 2357 illorum
1334 2259 1432 2321 iactis
1445 2259 1555 2355 fauere

300 2358 337 2407 ⁴⁰
349 2341 1556 2505 iffi.metiti?..litltlhh..liudittihthth

349 2502 568 2578 Ecmoudaui;
591 2525 650 2567 vos
666 2506 886 2569 dissimulatis.
925 2505 1094 2580 Aleander,
1110 2525 1211 2585 quum
1224 2506 1297 2567 istic
1312 2506 1467 2578 adessem,
1483 2524 1554 2567 meo

348 2586 518 2649 admonitu
542 2587 663 2650 indixit
682 2588 846 2651 silentium
867 2588 1042 2651 Laurentio
1066 2588 1221 2668 Phrysio;
1251 2606 1309 2649 vos
1333 2586 1553 2668 negligebatis.

347 2666 566 2731 Cardinuliurn
592 2670 761 2752 collegium
787 2691 825 2733 ao
851 2678 917 2733 tres
944 2669 1117 2733 Pontifices
1141 2672 1365 2749 imposuerunt
1390 2668 1554 2730 silentium

299 2766 332 2817 45
349 2749 505 2812 maledico
516 2751 669 2814 Stunicae
682 2773 689 2825 ;
714 2753 771 2832 qui
781 2759 894 2815 tannen
905 2752 1032 2814 doctius
1044 2771 1098 2813 ma
1120 2753 1127 2767 '
1169 2772 1209 2813 ue
1220 2750 1325 2813 sobrie
1336 2750 1555 2812 debacchatur

348 2850 447 2910 quam
461 2832 514 2894 vel
528 2833 757 2896 Ecmondanus
771 2835 824 2897 vel
838 2835 1026 2896 Vincentius
1041 2833 1094 2896 vel
1135 2834 1262 2913 hrysius
1274 2832 1338 2894 ille.
1376 2833 1440 2895 Vos
1454 2852 1554 2913 quam

346 2914 418 2975 sitis
435 2916 538 2975 securi
556 2917 673 2977 nescio.
713 2916 783 2997 Ego
801 2936 866 2978 non
885 2916 1088 2978 mediocriter
1106 2922 1216 2977 metuo
1234 2934 1275 2976 ne
1292 2921 1471 2994 tempestas
1488 2933 1555 2994 qua

348 2994 399 3055 hic
419 2995 613 3068 laboramus,
635 2997 811 3076 aliquande
830 2999 989 3079 demigret
1009 2998 1052 3058 ad
1072 3016 1141 3060 vos.
1184 2995 1270 3072 Quid
1290 3003 1400 3060 autem
1421 2997 1554 3059 stultius

347 3082 407 3137 aut
425 3078 569 3138 insanius
587 3077 671 3139 libre
691 3079 779 3141 Petri
799 3079 925 3142 Sutoris
944 3080 1112 3160 theologii
1155 3078 1189 3140 Is
1209 3098 1251 3140 an
1272 3076 1365 3140 vobis
1384 3079 1554 3158 displiceat

302 3172 334 3223 50
346 3158 474 3219 nescio:
504 3165 590 3220 certe
608 3159 773 3239 displicuit
789 3161 938 3241 patribus
954 3163 1023 3224 eius
1040 3161 1171 3235 ordinis,
1189 3180 1255 3223 uon
1272 3160 1362 3240 quod
1377 3160 1440 3222 illis
1458 3180 1554 3222 curae

345 3239 390 3299 sit
407 3238 571 3315 Erasmus,
589 3241 647 3303 sed
664 3243 753 3322 quod
768 3244 953 3325 intelligant
969 3250 1130 3324 quantum
1146 3244 1225 3324 ipsis
1242 3262 1283 3305 ex
1300 3243 1396 3304 vuius
1413 3243 1553 3304 hominis

345 3321 472 3382 insania
485 3328 559 3383 tum
574 3322 748 3399 dedecoris,
764 3332 837 3387 tum
852 3326 986 3406 periculi
999 3327 1179 3388 immineat.

386 3402 471 3465 Sunt
480 3403 628 3467 fortassis
637 3407 723 3468 inter
734 3427 792 3469 vos
803 3409 859 3487 qui
871 3416 990 3488 putent
1001 3428 1052 3470 me
1063 3427 1130 3469 non
1140 3427 1243 3488 posse,
1256 3408 1284 3469 si
1294 3405 1402 3479 velim,
1414 3404 1551 3466 laedere.

346 3483 393 3545 At
405 3483 498 3566 longe
512 3486 675 3549 diuersum
689 3490 861 3564 sentiretis,
875 3492 903 3551 si
916 3491 995 3552 mihi
1008 3497 1140 3552 tantum
1153 3496 1239 3552 esset
1252 3506 1420 3569 peruersae
1433 3487 1551 3548 mentis

300 3580 331 3632 55
346 3574 507 3645 quantum
523 3570 579 3631 isti
597 3590 631 3631 se
648 3569 815 3634 declarant
832 3572 960 3634 habere.
1000 3573 1069 3653 Ego
1087 3592 1139 3634 me
1156 3571 1267 3634 sedulo
1285 3587 1364 3651 paro
1382 3568 1425 3630 ad
1441 3586 1549 3646 supre-

347 3666 436 3710 mum
447 3648 539 3711 illum
552 3651 648 3726 diem,
662 3673 720 3715 nec
733 3673 877 3733 unquam
891 3656 1094 3716 committam
1106 3655 1209 3717 sciens
1221 3653 1309 3733 quod
1321 3652 1550 3714 conscientiam

346 3730 420 3792 hinc
448 3731 657 3815 demigrantis
684 3743 805 3799 oneret.
856 3736 1017 3800 Oneratur
1043 3736 1212 3817 collegium
1240 3740 1384 3797 vestrum
1411 3731 1551 3795 indoctis

345 3812 540 3892 quibusdam
555 3836 592 3878 ec
606 3818 755 3898 stupidis.
792 3820 979 3881 Vincentius
993 3819 1132 3881 attrahit
1147 3818 1362 3891 vincentium,
1377 3815 1551 3879 Carmehta

344 3893 562 3961 Carmelitam.
600 3900 718 3963 Vereor
732 3921 773 3964 ne
788 3921 926 3982 quorum
942 3900 1090 3982 gaudetis
1104 3901 1276 3975 consortio,
1292 3919 1403 3962 eorum
1420 3898 1551 3960 metatis

297 3980 379 4038 60et
402 3997 547 4042 messem.
593 3983 741 4062 Optarim
764 3991 874 4046 autem
898 3984 1106 4046 Academiam
1129 3990 1273 4045 vestram
1295 3989 1330 4044 et
1352 3981 1488 4044 eruditis
1512 3999 1549 4040 ac

345 4059 437 4121 honis
457 4063 535 4123 viris
555 4070 589 4124 et
609 4067 698 4126 omni
718 4066 900 4128 studiorum
921 4086 1034 4146 genere
1053 4065 1312 4127 florentissimam
1333 4084 1412 4125 esse.
1455 4062 1549 4124 Nune

344 4139 492 4203 videmus
528 4147 647 4222 passim
683 4148 744 4208 diri
768 4149 779 4208 i
815 4150 1020 4221 monasteria,
1055 4147 1237 4228 theologiae
1272 4146 1384 4208 studia
1419 4163 1550 4223 prorsus

343 4222 499 4301 extingui,
515 4225 696 4288 academius
710 4167 835 4290 collabi.
873 4228 917 4291 Et
930 4232 1032 4309 serpit
1044 4229 1147 4291 indies
1162 4229 1283 4291 malum
1297 4227 1392 4289 fatali
1406 4226 1547 4304 quodam

343 4321 503 4366 successu.

295 4384 328 4447 ⁶5
384 4383 455 4445 Iam
473 4387 501 4447 si
519 4388 598 4466 quid
616 4390 650 4451 in
667 4392 796 4471 scriptis
814 4393 893 4454 meis
911 4393 1202 4473 deprehenderetur
1219 4391 1381 4454 incautius
1397 4387 1546 4456 effusum,

376 4558 417 4607 24.
436 4549 518 4599 vestri
530 4548 557 4599 Η
567 4568 574 4601 z
596 4557 714 4603 vestrum
726 4554 761 4606 N.
831 4554 1013 4607 conniucbaut
1025 4555 1103 4608 HN¹2
1127 4553 1324 4607 conueniehant
1336 4551 1399 4603 Μ’.
1501 4561 1543 4609 42·

343 4610 510 4676 Egmondani
522 4615 557 4667 N.
665 4621 707 4681 4&
727 4620 917 4686 Egmondanus
930 4622 966 4672 Νι
978 4622 1057 4677 houd
1070 4642 1077 4675 r
1101 4622 1291 4690 Rgmuudanus
1304 4620 1348 4672 N‘.

375 4801 415 4853 25.
435 4788 616 4852 Carmelitam]
638 4792 845 4859 Egmondanus3
877 4808 920 4843 see
999 4810 1041 4857 42.
1060 4790 1262 4856 Aleanderlseo
1275 4793 1411 4921 Ilprrryz.
1426 4800 1486 4851 32n.

343 4856 820 4986 Eldtlhllidffipdoqieffhssiiw.
998 4876 1041 4989 22.
1060 4857 1312 4987 dffioldtelldglip
1325 4856 1500 4985 15181392152'.

374 5001 416 5049 34
435 4988 519 5037 tacita
529 4988 638 5052 iudicia]
648 4988 687 5041 Oi.
700 4990 749 5054 Ep.
764 5002 835 5054 1155·
850 4992 908 5041 ron.
998 5005 1041 5054 49.
1060 4989 1173 5051 Sertorio]
1184 4991 1231 5042 See
1242 4989 1378 5052 Ep1591·

373 5067 415 5115 41.
434 5051 578 5116 Adrianus]
593 5053 641 5106 See
656 5056 705 5119 Ep.
724 5068 796 5119 1359.
812 5069 855 5106 2n
1000 5070 1039 5118 50.
1059 5055 1169 5117 ordinis]
1176 5054 1231 5106 The
1239 5050 1419 5103 muninus.
