3534 5984
349 685 408 747 100
702 680 896 745 LDI'PERS
918 679 974 745 OF
995 680 1195 764 ERASMUS
1457 686 1551 762 [1525

345 849 380 910 in
397 847 573 911 amicorum
589 850 720 909 tuorum
737 864 908 909 numerum
924 844 1076 926 dignatus
1093 865 1128 908 es
1143 846 1294 927 recipere,
1312 850 1492 911 eommunis
1509 850 1554 911 sit

303 953 332 1007 ις
344 931 431 992 inter
450 947 509 991 nos
529 930 629 990 etiam
650 929 826 990 amicorum
846 929 1013 1008 possessio.
1056 928 1090 992 Si
1110 930 1277 1009 continget
1298 935 1405 991 certus
1425 930 1552 1011 aliquis,

346 1030 403 1092 per
417 1030 491 1073 eum
506 1011 644 1072 scribam
659 1012 828 1090 copiosius.

387 1092 449 1155 Hic
461 1095 568 1172 agitur
579 1092 715 1155 crudelis
727 1099 761 1155 et
772 1099 906 1155 cruenta
916 1091 1037 1154 fabula.
1070 1092 1236 1173 Agricolae
1246 1099 1348 1155 ruunt
1357 1094 1393 1156 in
1404 1099 1551 1157 mortem.

347 1173 498 1249 Quotidie
514 1174 599 1236 fiunt
615 1174 783 1236 conflictus
800 1181 925 1236 atroces
941 1176 1027 1236 inter
1042 1193 1188 1254 proceres
1204 1181 1239 1236 et
1254 1177 1402 1249 rusticos,
1421 1175 1502 1238 adeo
1518 1179 1553 1238 in

346 1258 528 1338 propinquo
538 1262 578 1318 vt
588 1263 824 1319 tormentorum
834 1263 869 1318 et
880 1275 1043 1317 armorum
1055 1258 1195 1337 crepitus
1207 1276 1244 1319 ac
1256 1276 1355 1337 prope
1367 1257 1553 1320 cadentium

300 1362 335 1400 2ο
346 1340 485 1419 gemitus
498 1338 719 1401 exaudiamus.
760 1337 828 1401 Nos
841 1338 894 1400 hio
908 1358 1008 1418 quam
1026 1340 1126 1400 simus
1144 1340 1282 1413 intuto,
1301 1345 1340 1402 tu
1359 1342 1550 1403 coniectato.

347 1420 460 1483 Fatale
477 1420 598 1482 malum
616 1426 676 1494 est,
695 1422 777 1482 mira
793 1419 958 1482 celeritate
974 1439 1054 1500 peru
1171 1440 1282 1483 omnes
1300 1421 1413 1484 mundi
1430 1423 1551 1503 plagas.

345 1502 439 1566 (land.
450 1501 641 1583 Campegius
650 1509 741 1564 metu
750 1502 912 1565 tumultus
922 1504 1018 1563 cessit
1027 1522 1067 1563 ex
1111 1504 1254 1583 ungaria.
1286 1503 1553 1586 Archiepiscopus

346 1584 535 1665 profligatus
550 1590 609 1646 est.
648 1583 741 1647 Gard.
761 1583 956 1663 Salsburger'r
974 1584 1181 1664 iampridem
1198 1585 1373 1648 obsidetur.
1412 1586 1553 1667 Legatos

346 1666 453 1747 episeo
475 1686 514 1727 us
528 1665 706 1729 Verulanus
720 1667 816 1728 cessit
830 1672 920 1727 metu
934 1685 974 1727 ex
989 1665 1134 1728 Eluetiis.
1170 1665 1320 1730 Coloniae
1334 1669 1424 1731 fuere
1443 1676 1552 1730 motus

300 1770 332 1824 ²5
346 1767 435 1811 norm
468 1748 501 1810 li.
536 1748 578 1810 In
590 1746 770 1810 Brabantia
783 1746 905 1809 malum
918 1746 1092 1809 instuduit.
1128 1747 1292 1828 Principes
1305 1756 1437 1812 tantum
1451 1756 1554 1830 agunt

346 1830 532 1911 vulgaribus
561 1830 718 1892 remediis.
769 1829 882 1891 Metuo
910 1848 951 1890 ne
981 1831 1083 1909 magis
1112 1837 1303 1910 exasperent
1332 1830 1464 1904 malum,
1495 1832 1552 1893 sed

346 1912 491 1975 Christus
514 1913 647 1993 insignis
671 1910 789 1973 artifex
813 1911 899 1973 solus
923 1917 1033 1991 potest
1057 1911 1140 1972 hanc
1164 1910 1298 1973 fatalem
1322 1918 1551 1992 tempestatem

347 1999 472 2057 vertere
486 1995 521 2056 in
535 1994 638 2056 laetos
653 1994 769 2056 exitus.

388 2075 472 2140 Sunt
489 2077 546 2157 qui
564 2094 630 2137 non
647 2076 760 2137 sinunt
777 2074 987 2148 simultatem,
1007 2094 1092 2155 quae
1110 2074 1189 2136 mihi
1207 2094 1281 2136 cum
1300 2075 1365 2137 Leo
1383 2075 1457 2148 fuit,
1478 2095 1551 2136 oon-

301 2174 336 2232 30
347 2176 518 2232 senescere,
535 2157 593 2219 sed
608 2158 735 2237 antiqui
750 2156 892 2218 vulneris
908 2157 1089 2219 cicatricem
1104 2156 1266 2219 refricant.
1304 2156 1406 2219 Dabit
1422 2177 1553 2238 operam

347 2240 533 2302 humanitas
556 2246 616 2302 tua
638 2245 679 2301 vt
701 2240 753 2301 hio
777 2257 907 2319 quoque
930 2244 1073 2312 vtamur,
1097 2238 1253 2312 fruamur,
1278 2238 1552 2319 quemadmodum

346 2321 468 2396 scribis,
486 2322 597 2384 amieis
612 2321 846 2383 communibus.
885 2320 974 2382 Bene
989 2320 1072 2382 vale.

387 2403 512 2467 Datum
527 2403 673 2466 Basileae
688 2402 791 2466 Nonis
806 2402 1008 2483 septembris.
1051 2401 1145 2464 Anno
1161 2419 1198 2464 u.
1212 2418 1245 2463 o.
1259 2419 1341 2465 xxv.

700 2618 793 2680 1001.
840 2613 947 2680 Facu
970 2612 1073 2679 Paua
1094 2612 1202 2680 Voss.

383 2720 497 2791 Ieipsig
509 2718 566 2775 MS.
1256 2715 1489 2782 <Schlettstadt>

383 2808 442 2863 ΕΕ.
456 2823 500 2879 42.
1234 2804 1515 2876 5September1525.

381 2928 436 2992 [An
453 2926 564 2993 original
579 2927 667 2986 letter,
685 2925 835 2991 autograph
853 2924 1025 2989 throughout.
1065 2925 1107 2976 On
1127 2925 1174 2977 the
1194 2925 1328 2990 following
1347 2926 1411 2991 day,
1430 2929 1448 2978 6
1468 2926 1553 2990 Sept,

347 2993 413 3046 Vols
426 2998 509 3044 wrote
522 2998 553 3044 to
565 2993 667 3043 Beatus
680 2991 825 3042 Rhenanus
839 2990 932 3051 (BRE.
947 2992 1027 3053 24112
1053 2989 1060 3010 ‘
1071 2990 1104 3040 D.
1119 2990 1231 3041 Drasmo
1245 2992 1345 3056 scripsi.
1360 2991 1407 3042 sed
1420 2990 1555 3049 breuibus,

346 3075 381 3110 ne
389 3059 468 3123 nugis
476 3059 542 3108 meis
551 3059 576 3107 ei
585 3072 669 3107 essem
679 3057 761 3114 oneri,
770 3055 871 3119 alioqui
879 3056 993 3105 nimium
1001 3054 1125 3119 fatigato.
1153 3056 1193 3106 Cl'u
1203 3071 1267 3121 rogo
1277 3055 1368 3107 mailli
1377 3056 1555 3115 commendes,

345 3129 375 3176 et
386 3123 452 3189 quid
463 3138 511 3188 per
521 3124 610 3187 ipsum
621 3137 670 3187 pro
681 3136 724 3171 me
736 3121 792 3171 fieri
803 3121 931 3185 possitae
961 3120 1028 3170 rosit
1039 3120 1176 3184 significes.
1206 3120 1268 3171 Non
1279 3120 1375 3171 dubito
1387 3124 1452 3186 quin
1465 3123 1555 3172 omnia

346 3190 454 3241 nomine
466 3203 526 3238 meo
538 3186 659 3237 facturus
671 3187 715 3245 sit,
729 3201 799 3251 quae
812 3200 859 3251 per
871 3200 933 3235 eum
943 3135 1057 3235 lonae
1069 3201 1101 3235 ao
1114 3186 1253 3236 commode
1266 3186 1322 3236 fieri
1371 3192 1455 3237 esunt.
1487 3188 1553 3237 Tam

345 3259 388 3306 est
399 3254 428 3305 in
439 3268 531 3304 omnes
542 3253 633 3303 animo
644 3266 799 3317 propensus,
811 3255 840 3302 et
851 3251 880 3300 in
893 3265 936 3301 me
947 3264 1003 3300 nun
1022 3264 1085 3300 uam
1096 3264 1151 3300 non
1163 3250 1217 3301 fuit
1228 3251 1331 3302 beneuc
1341 3267 1380 3301 us.
1411 3251 1470 3302 Hoc
1483 3252 1555 3302 exilii

262 3327 270 3345 ’
346 3319 399 3371 mei
412 3323 524 3385 tenpore
537 3316 650 3368 subinde
664 3316 827 3368 destinam
841 3316 932 3366 animo
945 3315 969 3365 B
1001 3316 1078 3365 ‘eam
1093 3315 1231 3380 proficisci,
1245 3321 1278 3367 vt
1292 3331 1353 3366 cum
1368 3316 1480 3366 Erasmo
1495 3332 1554 3366 meo

345 3402 378 3437 ao
391 3384 477 3436 Beato
491 3399 550 3435 meo
561 3383 666 3448 aliquot
679 3381 735 3433 dies
749 3381 816 3433 bene
830 3380 961 3460 beateque
972 3380 1091 3431 viceram
1104 3381 1133 3431 in
1145 3380 1196 3431 boo
1209 3380 1427 3443 tur<bu)lentiss.
1440 3382 1553 3431 saeculo.

344 3449 544 3515 Sednunquam
551 3449 618 3501 satis
623 3454 682 3499 erat
689 3452 780 3499 tntum
787 3448 847 3507 iter,
856 3446 981 3498 omnibus
986 3445 1030 3497 vel
1038 3445 1141 3512 alonge
1147 3445 1334 3497 olfacientibus
1341 3461 1384 3497 me
1392 3446 1552 3498 monachum

345 3516 435 3576 fuisse,
447 3530 502 3582 qno
513 3516 573 3567 istis
584 3514 737 3566 bominibus
747 3513 787 3565 nil
797 3513 917 3564 lauimus
947 3510 1104 3563 Exultsrem
1116 3527 1180 3563 sane
1191 3513 1214 3563 si
1226 3512 1270 3564 vel
1281 3511 1362 3563 semel
1373 3517 1437 3562 ante
1449 3512 1554 3563 obitum

344 3581 436 3634 haeret
444 3597 506 3633 cum
514 3581 548 3633 D.
558 3581 671 3632 hamo
679 3578 817 3631 conuiuari
824 3582 853 3630 et
860 3578 954 3629 audire
961 3592 1031 3637 eum,
1040 3592 1121 3643 quem
1129 3576 1344 3629 satisauditurus
1352 3578 1388 3628 sis
1396 3592 1552 3643 uunquam:

345 3664 378 3700 aa
394 3652 437 3700 est
454 3647 569 3699 hominis
585 3645 720 3705 facundis,
738 3645 824 3711 copia,
841 3644 937 3710 gratia.
973 3644 1030 3694 Deo
1094 3642 1151 3694 tia.‘
1187 3643 1249 3695 And
1265 3643 1336 3694 after
1352 3642 1490 3709 deploring
1508 3643 1554 3695 the

344 3714 461 3779 exisdng
473 3718 546 3766 state
559 3713 587 3765 of
600 3711 703 3764 tumult
715 3710 771 3764 and
784 3727 803 3762 a
821 3709 926 3770 beaval,
940 3709 974 3760 he
988 3724 1053 3760 oona
1063 3709 1130 3761 udas
1144 3707 1185 3761 ‘0
1199 3710 1222 3761 si
1235 3709 1269 3761 D.
1285 3709 1427 3760 Erasmum
1439 3721 1472 3760 ac
1486 3709 1554 3760 ahos

345 3780 404 3846 pios
420 3779 498 3831 iuxta
514 3796 547 3831 ao
563 3778 658 3831 doctos
673 3779 746 3830 viros
762 3726 865 3828 dudum
881 3774 1053 3827 enudissent
1069 3776 1202 3842 principes
1218 3781 1247 3827 et
1263 3776 1388 3842 episcopi.
1422 3775 1483 3827 Soio
1499 3791 1554 3826 non

346 3844 467 3897 maderet
478 3844 550 3897 orbis
560 3849 640 3896 tanto
651 3859 744 3896 cruore
753 3842 781 3907 ’.]

386 3944 418 4007 S.
432 3942 468 4005 P.
482 3943 523 4004 D.
566 3942 652 4040 Doto
672 3948 706 4004 te
726 3942 792 4004 iam
813 3939 950 4012 audisse,
972 3938 1018 4000 mi
1038 3938 1182 4037 Erasme,
1203 3938 1283 4020 quid
1302 3938 1432 4035 factum
1448 3940 1493 4001 sit
1513 3938 1554 4000 de

345 4020 1555 4199 130100...ΐῖἓῖ0“1οῑῗ·...1011ῗ“.0100010111001

345 4193 380 4249 et
394 4187 481 4250 Noui
496 4188 697 4249 Testamenti
712 4184 910 4248 enchiridion
925 4183 1006 4245 mhil
1020 4184 1099 4245 nnhi
1115 4185 1159 4246 ait
1173 4184 1297 4265 reliqui.
1335 4184 1382 4245 Ac
1398 4203 1472 4245 vere
1487 4203 1554 4245 ram

318 4267 451 4349 5dioere
479 4288 610 4348 possum
637 4268 718 4329 illud
746 4267 1014 4348 philosophicum,
1045 4264 1162 4328 Omnia
1190 4285 1263 4328 mea
1291 4284 1430 4356 meeum·
1445 4270 1551 4344 porto.

597 4435 670 4486 1606.
688 4449 729 4499 23.
747 4433 908 4499 Sslsburgeri
922 4431 1006 4483 Hm:
1030 4431 1207 4498 Salisburgeri.
1223 4432 1270 4484 ΝΞ

382 4581 507 4643 160614
518 4536 921 4645 eommuniswfllpnssann.
974 4577 1116 4629 Taxander
1138 4578 1162 4628 is
1185 4576 1326 4629 dedicated
1350 4581 1380 4628 to
1405 4577 1476 4638 Lae3
1510 4594 1553 4628 see

379 4646 573 4711 recolentes]
616 4644 669 4695 For
709 4645 784 4696 these
824 4642 922 4694 distur-
974 4642 1398 4711 Dpp.1196introd.,1571.65n.

345 4711 452 4771 baneas,
477 4710 563 4762 which
589 4726 657 4762 were
681 4708 800 4762 directed
823 4708 925 4775 lsrgely
1009 4709 1083 4762 1607.
1101 4723 1126 4761 2.
1144 4709 1342 4774 monasteriolo]
1364 4708 1417 4760 For
1437 4707 1484 4758 the
1504 4705 1553 4772 pil·

379 4779 452 4829 ainst
460 4777 507 4828 the
515 4776 654 4843 privileges
661 4775 716 4827 and
721 4775 886 4826 immunities
896 4774 925 4825 of
973 4774 1033 4891 lssse
1046 4774 1075 4826 of
1088 4775 1246 4841 Hugshofen
1259 4774 1296 4842 by
1309 4775 1357 4826 the
1370 4777 1496 4849 peassuts
1509 4786 1553 4821 see

344 4793 394 4895 ffi„
410 4843 592 4904 monasterias,
609 4858 653 4893 ses
669 4841 699 4893 1.
714 4841 818 4899 Ennea,
836 4840 922 4891 Gesta.
974 4840 998 4891 B
1024 4840 1117 4904 11241
1132 4860 1140 4901 ;
1162 4840 1225 4900 and,
1238 4840 1281 4890 for
1292 4838 1382 4890 Vols's
1392 4838 1510 4903 position
1522 4840 1553 4886 at

344 4909 370 4960 d.
382 4908 458 4961 Stodt
470 4907 541 4960 Kola
553 4909 590 4968 ir,
604 4908 678 4972 1875,
691 4922 736 4974 pp.
750 4918 859 4969 2²1·35·
974 4905 1162 4965 schlettstadt,
1176 4905 1306 4968 Banu
1324 4916 1403 4968 ,255.
1447 4966 1453 4978 .

379 4988 422 5039 29.
440 4989 501 5027 oum
523 4974 587 5039 Leo]
609 4974 725 5025 Vincent
745 4970 926 5023 Theodorioi’s
1009 4984 1033 5035 ς.
1050 4971 1154 5039 philoso
1173 4970 1272 5032 hroum]
1349 4984 1364 5019 e
1396 4980 1491 5032 saymg
1524 4966 1553 5016 cf

346 5041 441 5092 attach
453 5056 490 5120 ¹on
504 5039 632 5091 Erasmm
645 5038 731 5091 under
743 5037 791 5090 the
803 5052 883 5089 name
897 5036 925 5088 of
974 5035 1056 5098 Βίοις
1076 5037 1110 5088 of.
1120 4986 1203 5098 Λὶψ.
1213 5037 1289 5097 2362.
1308 5086 1310 5091 ,
