3534 5984
363 698 424 761 aee
718 696 912 761 amenas
935 697 990 761 ou
1011 696 1211 761 seleuse
1474 697 1571 777 [1526

364 860 473 923 aedita
492 861 652 923 Diatriba.
695 859 780 935 Quid
800 859 999 939 profecerim,
1021 859 1165 923 declarat
1184 860 1318 924 Lutheri
1337 863 1513 942 responsio,
1534 862 1569 924 in

317 964 353 1015 4ο
364 963 430 1023 qua
443 943 584 1023 seipsum
600 942 704 1005 multo
717 948 852 1022 superat
863 941 1037 1005 interuallo
1050 963 1058 1016 ;
1084 942 1165 1004 nihil
1179 942 1265 1004 enim
1280 963 1425 1023 unquam
1440 943 1572 1024 scripsit

364 1024 596 1087 amarulentius
615 1031 674 1087 aut
691 1024 850 1086 hostilius.
892 1024 937 1085 Et
955 1023 1044 1104 apud
1062 1023 1223 1087 diuersam
1242 1031 1369 1105 partem
1389 1024 1470 1087 adeo
1489 1026 1569 1088 mihi

363 1106 993 1268 ttilmltitlthtttttt
1006 1105 1209 1250 tileth
1221 1106 1402 1250 inliti
1414 1106 1568 1251 istit

364 1290 424 1352 pro
437 1238 595 1351 theologis
608 1272 754 1332 cominus
768 1289 883 1336 manus
897 1235 1039 1343 conse’ro,
1055 1270 1097 1331 ab
1109 1270 1150 1332 iis
1164 1289 1245 1350 quos
1259 1269 1399 1334 deiende
1412 1272 1568 1351 pernicio·

318 1374 351 1427 4⁵
364 1354 431 1415 sius
442 1354 583 1433 impetat
595 1372 695 1432 quam
708 1351 826 1415 abillis
839 1371 921 1431 quos
933 1371 1096 1433 oppugno.

406 1434 525 1497 Verum
539 1441 578 1495 vt
590 1434 671 1496 nulli
684 1435 790 1495 minus
802 1433 868 1496 fuit
880 1453 997 1495 causae
1010 1453 1094 1513 quur
1106 1434 1279 1514 impeteret
1292 1454 1343 1495 me
1357 1453 1456 1514 quam
1471 1434 1569 1496 Petro

364 1515 483 1589 Sutori‚
500 1518 550 1578 ita
565 1514 672 1578 nullus
689 1514 867 1578 catholicae
883 1515 1089 1594 professionis
1103 1516 1316 1594 impotentius
1332 1517 1367 1577 in
1385 1536 1436 1577 me
1452 1515 1568 1578 debac-

364 1598 480 1661 chatus
492 1604 552 1660 est.
585 1597 675 1660 Nihil
687 1615 769 1677 opus
781 1603 831 1659 est
842 1596 989 1677 pluribus
1001 1597 1118 1671 verbis,
1131 1598 1159 1658 si
1169 1597 1288 1659 librum
1301 1598 1440 1660 hominis
1451 1597 1568 1678 legisti.

364 1678 539 1743 Consilium
560 1686 632 1742 erat
653 1699 719 1740 non
739 1677 941 1758 respondere.
984 1678 1075 1741 Sensi
1096 1680 1244 1758 protinus
1264 1680 1428 1760 ingenium
1450 1679 1570 1759 gloriae

321 1784 354 1837 50
364 1759 559 1834 famelicum,
582 1761 698 1840 cuique
720 1780 786 1821 non
807 1761 842 1822 in
864 1759 953 1821 aliud
975 1761 1158 1840 quaesitum
1181 1768 1266 1823 esset
1288 1763 1394 1823 ocium
1417 1761 1570 1825 vestratis

363 1843 518 1905 instituti.
559 1843 604 1904 Et
621 1843 748 1904 vtinam
766 1842 818 1903 hic
836 1843 946 1904 animo
964 1861 1036 1903 meo
1053 1843 1230 1922 paruissem
1249 1845 1475 1924 potiusquam
1494 1862 1568 1905 con·

364 1924 437 1987 silio
454 1924 632 1998 cuiusdam,
647 1925 738 1985 cuius
755 1924 928 1986 eruditioni
948 1922 1203 2004 prudentiaeque
1220 1932 1353 1987 tantum
1371 1925 1569 1998 tribuebam,

365 2013 404 2068 vt
427 2025 634 2086 nequaquam
656 2004 841 2067 inducerem
864 2006 900 2068 in
924 2006 1068 2067 animum
1088 2005 1181 2067 illum
1202 2008 1378 2087 quicquam
1399 2026 1570 2069 suasurum

365 2088 454 2168 quod
467 2107 533 2149 non
548 2105 665 2167 magno
706 2093 826 2149 retum
841 2086 885 2149 ad
899 2106 950 2149 me
964 2088 1129 2167 priuatim,
1144 2095 1217 2150 tum
1232 2089 1274 2150 ad
1287 2089 1474 2170 religionem
1488 2088 1569 2169 pub·

321 2193 351 2246 55
364 2168 424 2231 lice
476 2169 632 2231 rtinereti
665 2106 730 2230 l'eix
742 2167 944 2232 absolueram
956 2168 1158 2250 Apologiam,
1169 2171 1219 2232 ita
1230 2190 1282 2232 me
1294 2172 1382 2251 cepit
1393 2169 1571 2251 poenitudo

365 2270 411 2331 qu
443 2333 450 2346 ο
467 2250 560 2346 illum
575 2249 728 2347 dignatus
742 2269 844 2347 essem
859 2269 1023 2347 responso,
1039 2259 1078 2314 vt
1088 2271 1260 2349 Ιιιιιιιιιιιιιιιιιι
1276 2253 1355 2314 mihi
1369 2252 1570 2350 fuerimipse

365 2351 469 2478 tit
482 2337 602 2476 ioth
620 2331 1572 2495 thttttfltthffltttthltttuhtl

366 2495 501 2559 haberet
522 2496 782 2577 loquacitatem?
827 2496 923 2559 Nune
944 2496 1046 2559 habet
1066 2496 1120 2558 ille
1142 2497 1231 2577 quod
1253 2517 1354 2560 vnum
1377 2498 1570 2561 venabatur.

319 2577 493 2642 eoVolitat
510 2598 574 2721 Fer
597 2579 707 2641 orbem
731 2578 820 2641 Petri
844 2578 970 2641 Sutorie
993 2598 1121 2652 nomen,
1146 2580 1235 2659 quod
1259 2581 1397 2642 antehac
1422 2580 1572 2643 Lutetiae

367 2681 496 2741 quoque
525 2662 576 2721 uit
591 2661 773 2722 obscurum.

408 2742 480 2805 Hoc
492 2743 646 2823 quoniam
657 2742 811 2805 successit
821 2762 863 2803 ex
874 2743 974 2803 animi
985 2743 1157 2816 sententia,
1169 2743 1299 2822 scripsit
1309 2742 1572 2887 Antapoloqiqirlqs,

368 2823 449 2886 adeo
470 2823 635 2886 scurrilem
657 2844 694 2886 ec
716 2824 877 2886 rabiosam
899 2830 938 2885 vt
958 2825 994 2885 in
1015 2824 1120 2903 priore
1139 2823 1223 2887 libro
1244 2825 1365 2905 probus
1387 2845 1424 2888 ac
1446 2844 1483 2887 so

367 2906 470 2969 videri
482 2912 593 2987 queat.
626 2905 779 2968 Nondum
792 2905 860 2967 vidi
871 2911 989 2979 totam,
1003 2912 1144 2986 quatuor
1156 2906 1321 2970 duntaxat
1334 2909 1571 2987 quaterniones,

320 3005 354 3066 65
368 3009 389 3051 a
402 2988 607 3070 typographo
621 2989 800 3050 etiamnum
813 2987 993 3050 excudente
1008 2994 1163 3063 extortos,
1178 2990 1313 3069 quidam
1328 2992 1450 3051 amicus
1465 2990 1507 3051 ad
1522 3009 1573 3052 me

368 3072 467 3133 misit.
502 3070 554 3131 Ex
566 3069 627 3132 hoe
639 3076 737 3149 gustu
749 3089 808 3131 ceu
820 3069 945 3132 leonem
959 3069 1001 3132 ab
1014 3070 1185 3151 vnguibus,
1199 3077 1238 3132 vt
1251 3072 1354 3145 aiunt,
1367 3091 1433 3133 non
1446 3071 1574 3134 difficile

367 3152 467 3215 inerit
484 3151 665 3213 aestimare.
703 3150 809 3234 Multa
825 3151 1002 3231 praefatus,
1021 3172 1087 3213 non
1103 3153 1166 3233 ipsi
1184 3153 1377 3216 vertendum
1394 3173 1463 3216 esse
1481 3154 1573 3227 vitio,

368 3234 396 3295 ei
407 3252 539 3295 causam
551 3233 635 3295 hane
647 3232 753 3295 verbis
764 3233 979 3313 asperioribus
990 3239 1026 3296 et
1036 3235 1103 3297 risu
1113 3240 1245 3309 tractet,
1258 3235 1319 3297 hoo
1331 3241 1381 3298 est
1392 3236 1420 3297 si
1431 3254 1574 3298 acumem

369 3320 447 3396 agat
464 3320 499 3377 et
516 3314 762 3395 sycophantam,
781 3316 923 3395 primum
936 3314 1080 3378 detrahit
1093 3317 1173 3379 mihi
1184 3315 1315 3379 laudem
1328 3335 1456 3379 omnem
1470 3317 1574 3379 erudi·

323 3397 467 3477 70tionie
488 3396 710 3476 theologicae:
744 3415 845 3475 quum
867 3398 937 3478 ipse
959 3397 1130 3478 disputans
1153 3399 1241 3478 apud
1263 3400 1349 3460 viros
1372 3397 1575 3460 doctissimos

369 3478 526 3560 probatus
541 3479 594 3551 sit,
611 3496 680 3559 ego,
697 3478 785 3557 quod
799 3480 892 3552 sciat,
908 3478 1034 3541 nullum
1047 3482 1083 3541 in
1098 3499 1137 3541 ea
1150 3480 1347 3560 professione
1361 3480 1498 3561 gradum
1513 3482 1575 3541 eim

369 3559 518 3641 adeptus.
560 3559 659 3635 Quasi
678 3561 733 3641 qui
753 3579 805 3622 me
823 3567 1042 3635 excusserunt,
1062 3561 1205 3643 theologi
1222 3580 1288 3624 non
1306 3563 1382 3635 sint,
1403 3562 1575 3640 autquasi

369 3642 429 3705 soli
455 3641 597 3723 theologi
623 3660 741 3705 nomen
767 3648 1021 3723 promereantur,
1049 3644 1106 3723 qui
1131 3645 1226 3705 iuxta
1251 3643 1350 3717 dam,
1378 3648 1417 3705 vt
1443 3650 1574 3716 vocant,

369 3722 590 3788 Nominalium
602 3723 643 3786 de
655 3724 901 3788 difficultatibus
913 3725 1119 3805 quibusdam,
1132 3745 1216 3805 quae
1228 3725 1402 3787 solenniter
1412 3727 1448 3787 in
1459 3724 1576 3788 scholis

324 3829 356 3887 75
370 3808 546 3888 agitantur,
566 3805 665 3888 idque
684 3808 786 3887 magis
807 3807 849 3868 ad
868 3808 1121 3869 ostentationem
1140 3826 1240 3887 quam
1261 3806 1304 3869 ad
1322 3808 1489 3888 pietatem,
1510 3808 1577 3869 sint

369 3889 539 3952 exercitati
553 3908 561 3962 ;
591 3890 686 3950 iuxta
703 3908 803 3968 quam
820 3888 964 3969 regulam
982 3908 1042 3951 neo
1060 3889 1240 3969 Cyprianus
1257 3908 1317 3951 nec
1335 3888 1525 3953 Ambrosius
1541 3891 1576 3950 in

370 3971 465 4033 huius
493 3972 691 4051 cognominis
718 3970 873 4032 honorem
900 3972 1093 4051 recipietur:
1132 3987 1322 4051 quanquam
1350 3972 1393 4033 ab
1418 3970 1577 4033 eiusmodi

370 4052 655 4133 digladiationibus
675 4054 774 4114 animi
792 4051 948 4115 iudicium
967 4072 1019 4114 me
1038 4052 1196 4115 subduxit
1214 4053 1321 4115 verius
1340 4073 1441 4133 quam
1458 4054 1578 4133 ingenii

371 4133 529 4197 deterruit
548 4135 668 4214 inopia.
711 4133 775 4197 Sed
795 4134 885 4196 tituli
906 4133 1040 4214 gloriam
1061 4135 1254 4213 aequissimo
1276 4136 1385 4196 animo
1405 4135 1577 4215 posuerim,

324 4234 360 4287 ao
393 4217 428 4278 ni
442 4217 522 4278 mihi
536 4236 602 4277 non
616 4215 759 4276 ambitus
772 4214 830 4277 sed
843 4215 996 4277 obtrusus
1010 4221 1070 4278 est.
1106 4215 1199 4279 Certe
1213 4216 1323 4279 Sutori
1337 4214 1495 4279 debebam
1510 4235 1578 4277 esse

372 4304 389 4360 t
410 4296 549 4377 eologns,
570 4298 627 4376 qui
645 4302 715 4358 tam
734 4297 839 4358 multa
857 4297 953 4359 docui
972 4317 1055 4377 quae
1073 4296 1225 4378 fugerant
1242 4299 1323 4359 istos
1341 4297 1577 4370 subtilissimos,

371 4380 429 4458 qui
443 4383 496 4439 tot
509 4379 587 4440 locis
602 4385 820 4441 commonstro
834 4379 941 4460 lapsos
957 4385 1104 4441 veterum
1118 4379 1410 4453 excellentissimos,
1426 4378 1578 4460 Augusti·

372 4479 452 4522 num
466 4466 501 4522 et
513 4459 720 4521 Ambrosium
734 4481 743 4534 ;
768 4479 809 4523 ne
822 4461 963 4541 reliquos
978 4479 1224 4524 commemorem
1237 4461 1423 4523 recentioris
1437 4461 1578 4542 antiqui·

372 4543 453 4604 tatis
466 4543 647 4622 scriptores,
661 4541 830 4615 Thomam,
846 4542 1021 4623 Lyranum,
1035 4543 1216 4618 (larensem,
1231 4548 1293 4605 ete.

408 4708 449 4757 yn
467 4691 598 4758 Diatriba]
613 4692 669 4743 'l'he
683 4692 947 4753 Deliberoorbitrio3
1004 4694 1038 4745 ci.
1052 4694 1101 4761 Ep
1119 4695 1190 4757 1598.
1205 4708 1261 4756 1-4,

373 4759 581 4825 aeeEpp.1419,
597 4760 668 4820 1481.
1041 4772 1081 4824 55.
1098 4759 1477 4825 Apologiam]SeeIip.1591.

439 4825 582 4902 mponsio]
603 4824 658 4873 The
678 4822 715 4873 De
734 4838 808 4874 aem
823 4823 946 4884 arbim
1038 4828 1080 4877 62.
1098 4825 1311 4891 Antapologiam]
1337 4827 1386 4878 Sea
1409 4826 1479 4893 Epp.
1507 4827 1578 4889 1⁶85.

374 4888 666 5022 ”lallpfldQffi
681 4992 688 5004 .
704 4967 774 5033 1591.
786 4967 847 5019 25n
1008 4904 1091 5019 udal
1113 4906 1366 5076 Iffralrmumggcessp.
1381 4960 1436 5009 182.
1451 4957 1524 5006 uon

411 5021 620 5086 securandum]
671 5018 771 5086 ornbly
802 5020 949 5106 Beraldus3
1072 5022 1221 5088 Oarenrem]
1292 5023 1413 5089 Eli-459·
1426 5034 1485 5087 71n
