3534 5984
303 659 364 721 402
660 656 853 723 Lamus
874 659 931 724 OF
951 659 1154 726 amenus
1428 669 1515 747 [1527

304 830 430 885 mature
452 824 557 884 nsum
579 829 614 884 et
634 825 855 886 examinatum
877 825 931 886 sit.
973 823 1014 887 Id
1034 825 1120 888 euim
1141 847 1280 894 summo
1299 833 1418 897 studio
1437 834 1516 916 apud

259 921 288 972 35
304 905 465 985 Hispanos
477 912 610 966 cautum
622 912 682 979 est,
695 926 736 968 ne
747 907 850 969 cuiuis
861 926 921 968 sua
931 908 1057 969 somnia
1066 909 1229 974 excudere
1239 912 1357 977 liceat.
1392 916 1517 979 Vtinam

303 986 389 1048 idem
405 993 587 1048 senuerat-ur
603 987 691 1067 apud
707 986 903 1051 Germanos!
939 988 989 1051 Tu
1004 989 1057 1051 fao
1071 989 1159 1054 bono
1174 994 1293 1058 animo
1307 998 1368 1072 sis,
1384 1005 1518 1079 tuaeque

303 1068 451 1130 consulas
465 1068 643 1131 valetudini
657 1089 665 1140 ;
691 1077 790 1149 atque
804 1069 846 1130 ad
861 1089 913 1133 me
927 1072 1054 1151 saepius
1066 1072 1198 1136 scribas.

345 1150 395 1212 Ex
409 1151 529 1232 oppido
544 1150 732 1225 vallisoleti,
747 1152 800 1214 die
814 1152 940 1214 decima
955 1152 1129 1217 Februarii.
1173 1171 1201 1217 ιι
1213 1173 1241 1219 n
1253 1175 1373 1224 mn.

599 1392 693 1453 1786.
739 1387 846 1454 hou
868 1388 1039 1457 Aurorae
1061 1390 1212 1459 vaas.

340 1523 454 1579 Brealau
468 1525 524 1579 MS.
539 1524 629 1579 Rehd.
644 1541 708 1595 ²54·
727 1524 789 1595 148.

339 1610 409 1665 Em
424 1615 479 1683 48:
504 1612 560 1667 LB.
575 1613 647 1683 App.
663 1628 727 1681 339.

335 1731 388 1793 [An
397 1731 506 1797 original
515 1732 600 1791 letter,
609 1730 827 1796 autographthro
881 1731 1523 1808 outtu¹twithlatereorrectionatu¹),pmhsbly

303 1795 339 1862 by
351 1797 451 1855 Virves,
463 1797 498 1847 all
514 1797 563 1847 but
578 1813 627 1847 one
643 1798 671 1847 oi
686 1798 804 1863 spelling.
891 1798 971 1863 ythc
985 1798 1066 1848 latter
1081 1804 1151 1863 part,
1167 1797 1237 1849 irem
1254 1800 1272 1852 l.
1292 1816 1330 1866 34
1349 1808 1523 1868 onmis

302 1862 408 1926 printed
420 1862 456 1927 by
469 1862 552 1912 Feoht
564 1865 617 1918 (aec
630 1864 681 1915 vol.
694 1865 732 1922 iii,
745 1880 770 1929 p.
788 1865 863 1926 xxiv)
879 1862 933 1913 and
948 1864 1016 1914 irem
1031 1863 1087 1914 hin
1102 1863 1139 1929 by
1154 1864 1268 1918 lecim
1306 1867 1371 1921 The
1383 1874 1523 1938 yur-data

301 1928 323 1976 is
336 1928 494 1993 sufficiently
507 1928 650 1978 confirmed
663 1928 699 1994 by
713 1928 759 1979 the
774 1934 904 1979 contenta.
936 1929 988 1979 For
1001 1930 1093 1981 Vrrvas
1105 1929 1159 1981 and
1172 1930 1218 1981 the
1229 1931 1374 1987 incidam
1387 1938 1523 1990 discmcd

301 1991 362 2042 hene
373 2008 416 2041 see
430 1993 478 2057 Ep.
495 1996 559 2055 1684
569 1994 680 2059 introd]

344 2181 572 2226 OBNATISSIMO
595 2182 698 2227 IVXTA
721 2182 832 2236 Areva
854 2182 1044 2246 BRVDITISS,
1068 2183 1206 2229 Domo
1225 2183 1305 2230 DRS.
1330 2186 1478 2238 musmo

522 2264 598 2308 ROT.
621 2264 650 2307 F.
673 2263 844 2308 Aurousvs
866 2263 1046 2308 vmvusivs
1068 2265 1285 2311 VLHETANVS.

342 2344 373 2407 S.
388 2344 423 2405 P.
437 2345 477 2405 D.
524 2344 621 2405 Haud
646 2347 711 2406 scio
735 2363 778 2405 an
802 2352 844 2416 te,
870 2345 1070 2425 grauioribus
1094 2346 1212 2407 studiis
1234 2347 1371 2413 intento
1397 2355 1519 2428 animo,

300 2427 464 2499 exciderit,
488 2426 620 2488 Erasme
642 2427 783 2498 doctiss,
807 2428 967 2506 superiore
989 2446 1075 2489 anno
1096 2447 1147 2489 me
1167 2426 1313 2490 libellum
1336 2436 1519 2512 quemdam

301 2510 503 2588 epistolarem
531 2508 573 2569 ad
599 2515 632 2569 te
659 2510 792 2581 misisse,
820 2528 886 2587 quo
911 2509 1104 2589 sapientiam
1131 2515 1222 2570 tuam
1249 2511 1336 2572 circa
1363 2518 1520 2580 nonullos

301 2611 433 2671 operum
468 2598 598 2652 tuorum
631 2590 717 2651 locos
751 2590 966 2663 consulebam,
999 2591 1158 2670 simulque
1185 2591 1407 2658 admonebam
1436 2599 1517 2679 quid

273 2674 390 2747 smihi,
412 2675 537 2752 integro
561 2677 611 2748 (vt
632 2693 691 2752 ego
713 2674 838 2751 opinor)
860 2672 982 2745 lectori,
1005 2674 1132 2753 meique
1153 2673 1312 2735 similibus
1333 2677 1516 2753 videretur,

300 2754 378 2832 quid
393 2755 584 2834 simplicium
600 2773 692 2815 aures
706 2762 814 2833 posset
828 2753 998 2827 offendere,
1014 2754 1093 2834 quid
1105 2754 1244 2834 denique
1258 2756 1516 2824 calumniatores

300 2837 334 2896 in
355 2838 404 2896 ius
425 2837 551 2897 trahere
573 2844 785 2908 conarentur;
820 2842 858 2896 vt
878 2836 1027 2898 omnibus
1048 2837 1279 2899 animaduersis
1298 2842 1463 2915 omnium,
1486 2845 1516 2905 si

301 2917 367 2978 fieri
388 2925 507 2997 posset,
528 2919 653 2979 animos
671 2917 733 2978 leui
755 2919 908 2996 quapiam
929 2920 1148 2997 responssioue
1167 2920 1320 3000 placares,
1341 2929 1405 2985 aut
1424 2932 1514 2987 certe

300 2999 393 3061 uobis
411 3000 467 3077 qui
485 2999 518 3058 id
536 3000 659 3078 negocii
677 3000 882 3078 suscepimus,
903 2999 1129 3079 suffragatoris,
1148 3006 1182 3062 et
1199 3006 1233 3062 te
1251 3021 1317 3064 non
1333 3002 1370 3062 id
1388 3008 1513 3069 sentim

258 3108 287 3144 ιο
300 3081 388 3159 quod
424 3081 657 3141 Erasmomasti
696 3101 712 3141 s
747 3081 880 3159 quidam
917 3083 1130 3161 suspicantur,
1166 3082 1366 3144 declarares:
1415 3088 1513 3150 nobis

299 3161 458 3240 siquidem
476 3163 659 3240 quantumli
701 3168 717 3222 t
735 3163 873 3224 multum
891 3164 925 3224 in
944 3163 1004 3225 hoc
1021 3163 1254 3237 laborantibus,
1272 3170 1306 3226 te
1324 3171 1460 3231 tacente
1478 3176 1513 3232 et

301 3244 402 3385 {iffi
415 3262 524 3303 eorum
546 3244 806 3385 interpretatiopi
826 3245 955 3306 silentio
976 3245 1117 3340 fauente,
1138 3244 1217 3342 fides
1240 3265 1305 3308 non
1331 3256 1511 3394 papst-atusi

404 3343 458 3384 um
482 3344 558 3386 vero
580 3346 613 3386 1n
637 3344 752 3386 manus
791 3345 849 3386 uas
913 3345 1053 3388 rucmsae
1075 3346 1113 3389 co
1157 3346 1282 3389 ouimus
1309 3348 1351 3389 ex
1391 3350 1443 3393 uis

300 3407 460 3486 egregium
475 3408 580 3467 virum
594 3407 635 3467 Ι).
651 3405 805 3468 Ioannem
825 3346 998 3487 Volgaram
1016 3347 1307 3488 literisglluuarum
1321 3412 1511 3492 exemplum

257 3515 285 3567 ις
301 3489 341 3548 ad
353 3509 412 3549 nos
422 3488 592 3550 comodum
603 3489 792 3561 transmisit,
804 3489 962 3569 simulque
973 3490 1015 3549 ad
1029 3510 1080 3552 me
1093 3489 1204 3552 literas
1216 3491 1317 3564 dedit,
1332 3493 1453 3571 quibus
1467 3496 1510 3558 de

300 3577 359 3632 tua
377 3590 451 3631 cum
470 3591 508 3631 eo
527 3570 784 3650 expostulatione
798 3591 934 3645 mecum,
949 3578 988 3632 vt
1001 3573 1049 3632 ita
1061 3571 1184 3651 loquar,
1199 3572 1395 3653 expostulat.
1446 3575 1510 3639 His

300 3654 450 3732 acceptis,
481 3671 678 3731 quamquam
710 3652 893 3714 veredarius
922 3658 1121 3715 remeaturus
1151 3660 1288 3734 urgeret,
1319 3656 1510 3720 eurauimus

301 3741 449 3813 torpente
468 3735 592 3795 calamo
611 3735 639 3794 ei
659 3733 858 3814 respondere,
879 3754 1004 3796 necnon
1019 3741 1054 3796 et
1068 3737 1282 3813 responsionis
1296 3754 1397 3815 quam
1413 3738 1457 3798 ad
1476 3748 1510 3803 to

301 3818 429 3877 mittere
438 3816 645 3888 destinaram,
656 3815 839 3894 exemplum
848 3816 996 3896 epistolio
1006 3816 1188 3896 adiungere,
1200 3826 1247 3890 vt,
1258 3818 1283 3878 si
1294 3837 1351 3896 per
1359 3822 1509 3899 negocia·

254 3922 287 3959 20
300 3903 406 3958 torum
419 3917 543 3971 manus,
556 3916 692 3975 quorum
704 3916 802 3977 opera
811 3898 844 3958 in
856 3898 917 3960 hoc
930 3918 1006 3959 vaus
1016 3916 1098 3971 sum,
1110 3900 1347 3977 responsionem
1358 3909 1510 3964 nostram

300 3979 383 4040 iorte
401 3999 467 4040 non
485 3980 653 4058 acceperis,
672 3999 729 4058 per
746 3998 820 4040 eum
838 3999 947 4041 rursus
965 3980 1154 4041 transmissa
1171 3980 1213 4040 ad
1232 3986 1265 4041 te
1283 3980 1417 4043 tmdem
1436 4004 1509 4064 per·

301 4061 434 4121 ueniret.
472 4060 565 4134 Quod
584 4080 626 4121 au
644 4062 693 4121 ita
710 4059 835 4120 iactum
854 4062 907 4134 sit,
922 4061 1007 4122 idest
1021 4080 1064 4122 au
1078 4081 1135 4142 per
1149 4063 1366 4141 negociatores
1380 4065 1434 4126 vel
1449 4086 1511 4146 per

299 4142 443 4204 Caesaris
455 4143 634 4203 veredarios
645 4142 810 4203 literarum
822 4149 1005 4203 nostrarum
1017 4142 1181 4224 exemplar
1192 4143 1324 4224 aliquod
1335 4150 1509 4226 acceperis,

299 4224 455 4285 haetenus
465 4224 658 4303 ignoramus.
692 4223 757 4285 Neo
769 4225 854 4284 enirn
866 4223 900 4284 id
910 4224 989 4284 scire
1000 4224 1052 4285 vel
1062 4226 1162 4286 trium
1174 4226 1345 4287 verborum
1355 4227 1510 4306 epistolio

252 4330 283 4381 25
299 4325 340 4365 ex
354 4311 387 4365 te
402 4306 567 4383 hucusque
581 4306 756 4386 potuimus,
771 4325 876 4383 neque
892 4304 1049 4385 Vergurae
1063 4308 1175 4379 nostri,
1192 4325 1287 4386 quem
1302 4313 1395 4368 tuam
1409 4308 1509 4372 nobis

299 4405 367 4446 esse
391 4386 550 4464 tripodem
577 4387 730 4459 volluisti,
754 4387 857 4447 literis
885 4388 1103 4466 cognouimus.
1155 4389 1260 4462 Quare
1288 4395 1436 4451 metuens
1465 4411 1509 4455 ne

298 4473 471 4544 vtrumquc
483 4469 646 4547 exemplar
657 4468 830 4547 longissimi
842 4469 966 4530 itineris
978 4469 1105 4531 casibus
1116 4470 1255 4549 perierit,
1269 4491 1355 4533 nunc
1367 4472 1508 4535 tercium

299 4546 341 4607 ad
354 4552 388 4608 te
402 4554 437 4607 et
449 4547 590 4610 doctoris
604 4549 762 4628 Vergarae
776 4550 1044 4629 expostulationis
1058 4558 1092 4613 et
1105 4558 1215 4613 nostre
1229 4551 1271 4612 ad
1285 4572 1360 4614 oum
1373 4571 1507 4633 respon·

681 4690 722 4725 21.
739 4680 871 4743 acceperis
882 4679 923 4730 0¹:
947 4679 1079 4744 acciperes
1091 4680 1125 4730 o¹.

334 4806 405 4856 1786.
424 4819 447 4854 2.
466 4802 592 4868 libellum]
607 4801 662 4853 Tho
677 4802 829 4854 Collata‘oaea
841 4805 875 4856 ad
927 4806 990 4855 with
1006 4804 1109 4857 Virves'
1121 4805 1197 4871 reply
1207 4808 1237 4856 in
1247 4806 1318 4872 App.
1334 4810 1371 4858 18.

298 4870 452 4929 dracmam
474 4885 517 4919 see
530 4886 554 4934 p.
569 4883 626 4933 297.
960 4885 1000 4921 20.
1019 4873 1225 4937 responsionem]
1243 4871 1300 4923 Not
1309 4876 1420 4933 extant3
1444 4888 1504 4939 pne·

335 4950 371 4998 ¹4·
389 4936 520 5001 literis]1i
540 4974 546 4986 .
564 4937 634 4997 1684
925 4936 1048 5003 sumably
1060 4953 1082 4988 c.
1097 4938 1155 4988 Oct.
1171 4940 1242 5002 1526.

334 5014 371 5064 ις.
389 5001 488 5065 literas]
502 4952 570 5066 ol31
585 5001 651 5066 July
665 5003 746 5065 1526:
768 5001 872 5066 printed
960 5004 1000 5053 28.
1018 5003 1248 5069 expostulationis]
1263 5002 1310 5056 fiee
1321 5002 1348 5055 ll.
1366 5005 1454 5066 15-1d
