3534 5984
666 711 855 774 narrans
876 712 1152 777 oraaasuus
1411 712 1510 799 [ιω

257 886 288 939 1s
301 872 467 934 literarum
481 870 638 950 principes
651 890 708 949 pro
722 891 756 931 re
770 871 889 951 exigua,
905 891 962 951 pro
976 891 1010 932 re
1023 870 1142 933 nullius
1156 871 1254 934 ferme
1268 874 1433 951 momenti,
1450 896 1509 955 pro

302 974 335 1015 re
356 954 391 1014 in
410 953 567 1015 utramuis
584 955 706 1031 partem
724 953 888 1031 probabili,
908 956 974 1015 tam
991 953 1157 1030 hostiliter,
1179 957 1246 1017 tam
1267 956 1355 1017 vaire
1375 959 1509 1037 tamque

301 1035 408 1097 acerbe
436 1035 627 1110 debacchari,
650 1036 695 1096 sic
715 1034 842 1113 profuse
862 1056 997 1115 expuere
1018 1036 1231 1112 contumelias,
1255 1036 1299 1098 sic
1319 1036 1508 1102 lethiferum

301 1118 390 1178 virus
417 1136 569 1193 enomere,
605 1117 650 1178 sic
684 1120 851 1178 cruentum
879 1117 992 1179 stilum
1018 1137 1174 1195 exacuere,
1203 1120 1310 1198 sicque
1339 1120 1508 1185 minaciter

300 1200 428 1261 dentem
455 1199 640 1278 protendere
660 1199 845 1277 genuinum.
890 1199 971 1261 Nam
992 1219 1054 1278 quo
1074 1203 1178 1261 vestre
1198 1201 1258 1262 iste
1279 1201 1444 1281 Apologie,
1472 1208 1508 1266 et

256 1296 287 1333 ²0
299 1300 391 1343 suam
405 1281 476 1343 dico
489 1285 522 1342 et
535 1285 633 1357 tuam,
649 1284 814 1361 utramque
828 1282 915 1345 enim
930 1287 962 1345 et
976 1281 1036 1360 legi
1051 1286 1083 1342 et
1097 1281 1214 1360 perlegi
1228 1302 1379 1362 perquam
1400 1284 1508 1348 dolen·

299 1368 460 1443 ter-quo,
503 1364 640 1443 inquam,
677 1364 842 1437 acnratius,
887 1384 950 1442 quo
991 1363 1141 1426 subtilius
1182 1385 1284 1443 quoue
1327 1364 1506 1443 elegantias

299 1447 474 1526 conscripte
507 1449 590 1523 sunt,
621 1466 658 1507 eo
684 1465 759 1507 sane
790 1445 959 1507 dilucidius
987 1447 1227 1526 promptiusque
1254 1467 1315 1525 qua
1342 1447 1408 1523 hili,
1440 1470 1505 1527 quo

298 1530 468 1603 stomacho,
498 1548 600 1607 quaue
627 1528 741 1589 erimni
769 1528 942 1607 prodierint
969 1532 1190 1606 protestentur.
1235 1529 1348 1607 Fitque
1369 1533 1405 1590 vt
1426 1531 1504 1594 dum

298 1614 428 1690 vterque
443 1611 573 1671 alterius
582 1630 718 1671 errorem
727 1630 869 1689 promere
879 1611 1003 1687 nititur,
1015 1611 1065 1672 sui
1076 1610 1287 1687 egritudinem
1298 1611 1397 1673 animi
1407 1616 1504 1693 atque

254 1719 283 1769 ²5
297 1694 386 1754 virus
400 1693 517 1770 pandat
531 1695 656 1767 atrnm;
675 1693 775 1771 etqui
789 1711 857 1754 sese
871 1696 982 1754 mutuo
997 1694 1030 1752 in
1042 1693 1201 1770 publicam
1212 1692 1383 1755 utilitatem
1394 1693 1503 1759 iuuare

298 1778 521 1853 protegereque
535 1774 689 1848 deberent,
706 1793 773 1834 sese
788 1779 819 1834 et
833 1775 1005 1852 impediant
1019 1777 1051 1835 et
1065 1775 1227 1835 lacessant.
1270 1775 1317 1836 Ila
1330 1794 1444 1854 nempe
1453 1782 1504 1840 est

299 1855 487 2000 iffi}
503 1855 1010 1999 uirtuttuh..ulh
1028 1856 1504 2018 lttlttttstmmssttt

299 2020 434 2098 quadam
455 2019 580 2081 dicendi
600 2020 769 2083 insolentia
791 2021 933 2099 denigret
949 2022 1075 2082 famam.
1121 2022 1210 2097 Quur
1227 2021 1314 2083 hoc?
1334 2041 1450 2100 nempe
1466 2027 1504 2088 vt

254 2129 286 2178 30
299 2103 390 2162 radat
409 2105 464 2163 aut
483 2122 611 2181 prorsus
632 2101 747 2163 euellat
766 2103 951 2164 charitatem
970 2103 1038 2164 sine
1054 2122 1116 2181 qua
1134 2102 1278 2164 homines
1296 2124 1361 2165 non
1380 2123 1501 2181 snmus,

298 2187 331 2244 et
344 2184 414 2244 sine
428 2203 489 2263 qua
502 2183 568 2244 Deo
582 2184 703 2263 placere
717 2205 914 2265 nequequam
930 2205 1107 2263 possumus.

340 2266 420 2326 Vult
441 2265 542 2327 Faber
562 2266 597 2327 in
618 2268 705 2327 sexto
726 2286 817 2328 versu
839 2269 941 2329 octaui
962 2267 1083 2328 Psalmi
1104 2287 1178 2328 cum
1205 2266 1279 2328 diuo
1305 2266 1503 2346 Hieronymo

298 2347 469 2425 legendum
483 2368 551 2409 esse
567 2347 728 2409 ‘Minuisti
741 2368 814 2410 eum
828 2350 1031 2427 paulominus
1045 2370 1064 2410 a
1084 2348 1149 2410 Deo
1159 2351 1176 2407 ’.
1217 2348 1289 2410 Tibi
1308 2349 1380 2429 plns
1398 2351 1502 2429 placet

298 2429 360 2506 legi
382 2430 438 2491 ‘ab
456 2430 602 2508 angelis'.
645 2430 822 2508 Vtrumque
843 2451 912 2492 mea
933 2432 1091 2492 sententia
1112 2430 1285 2492 rectissime
1306 2436 1339 2493 et
1356 2433 1454 2494 scribi
1468 2438 1502 2495 et

253 2536 283 2587 35
298 2510 361 2591 legi
375 2514 486 2591 potest.
532 2511 737 2591 Perspicuum
752 2513 837 2573 enim
851 2516 907 2585 est,
925 2514 952 2573 si
966 2515 1004 2572 de
1018 2514 1130 2593 quouis
1147 2512 1276 2574 homine
1293 2513 1500 2594 intelligatur,

297 2595 391 2656 sicuti
425 2595 556 2674 plurimi
589 2595 676 2656 illius
709 2596 811 2657 octsui
838 2594 960 2657 Psalmi
988 2595 1172 2674 interpretes
1199 2595 1315 2664 sentire
1341 2596 1500 2671 videntur,

299 2675 466 2755 legendum
487 2699 554 2741 esse
578 2678 635 2739 ‘ab
655 2678 802 2756 angelis’.
848 2678 954 2739 Homo
976 2697 1111 2755 namque
1131 2678 1165 2738 in
1187 2681 1400 2739 creaturarum
1420 2680 1501 2742 serie

299 2759 459 2820 decimum
493 2761 614 2822 obtinet
642 2759 764 2822 locum:
800 2764 836 2820 vt
863 2761 919 2839 qui
946 2780 984 2819 ex
1011 2779 1156 2836 corporeo
1183 2763 1215 2820 et
1243 2760 1432 2839 incorporeo,
1461 2782 1501 2823 ex

299 2841 494 2919 corruptibili
515 2845 547 2902 et
574 2841 805 2920 incorruptibili
832 2841 1009 2903 substantia
1030 2840 1181 2917 coalescit,
1204 2841 1368 2920 utriusque
1389 2846 1501 2906 nature

252 2946 285 2995 4ο
299 2922 507 2983 interstitium
529 2923 676 3001 quasique
696 2923 776 2985 lucis
794 2926 826 2984 ct
847 2923 1046 2985 tenebrarum
1063 2925 1176 2985 orizon.
1221 2923 1292 2984 Non
1312 2925 1428 2985 desunt
1445 2926 1502 3004 qui

301 3005 336 3062 ‘a
350 3002 426 3063 diis’
441 3005 696 3082 interpretentur,
707 3025 771 3065 non
785 3006 839 3066 ‘ab
850 3006 971 3083 angelis
980 3006 1000 3079 ’,
1009 3006 1109 3066 veluti
1123 3005 1263 3083 Oapnion
1278 3010 1353 3067 tuus
1366 3005 1449 3067 libro
1463 3008 1501 3069 de

298 3084 378 3144 Arte
393 3085 578 3147 Oebalistica
592 3087 693 3161 tertio,
708 3086 901 3149 Hebraicum
913 3089 1013 3148 citans
1025 3088 1212 3148 versiculum
1223 3108 1286 3165 quo
1296 3087 1501 3166 proculdubio

300 3186 366 3226 non
380 3171 427 3228 est
440 3168 603 3244 absonum,
616 3188 715 3247 quum
725 3189 931 3247 sepenumero
945 3170 979 3230 in
993 3171 1089 3231 sacris
1103 3170 1204 3231 literis
1219 3170 1306 3231 Deus
1318 3190 1375 3248 pro
1389 3171 1501 3250 angelo

298 3249 486 3326 accipiatur:
508 3250 774 3328 quemadmodum
795 3254 951 3313 Geneseos
972 3273 1036 3330 cap.
1060 3251 1355 3313 tricesimosecundo
1369 3252 1500 3331 angelus

252 3331 394 3401 451acoh
422 3332 586 3411 alloquens
610 3331 848 3411 ‘Nequaquam'
869 3334 973 3413 inquit
1004 3334 1114 3395 ‘Iacob
1148 3333 1355 3412 appellabitur
1384 3354 1501 3397 nomen

297 3421 387 3475 tuum
403 3414 458 3475 sed
472 3415 570 3476 Israel
582 3438 589 3489 ;
611 3416 760 3493 quoniam
773 3417 801 3476 si
816 3420 923 3477 contra
938 3417 1040 3477 Deum
1054 3417 1144 3476 fortis
1156 3416 1252 3489 fuisti,
1269 3420 1388 3494 quanto
1398 3418 1501 3496 magis

298 3499 409 3558 contra
422 3497 568 3558 homines
586 3497 957 3574 preualehist'—Deum,
973 3500 1032 3559 hoo
1051 3501 1100 3559 est
1119 3498 1274 3577 angelum,
1298 3501 1333 3560 vt
1351 3500 1501 3577 interpre-

300 3581 415 3652 tantur,
431 3580 486 3656 qui
506 3599 578 3640 cum
599 3579 695 3641 Iacob
713 3579 850 3642 luctatus
869 3584 926 3641 est.
970 3582 1004 3641 Si
1023 3601 1095 3640 vero
1115 3601 1187 3641 cum
1207 3579 1306 3642 Paulo
1324 3580 1358 3640 in
1369 3582 1502 3661 epistola

298 3659 337 3720 ad
372 3660 517 3722 Hebreos
545 3661 584 3721 de
612 3660 738 3723 Christo
765 3663 958 3724 voluerimus
992 3662 1137 3741 intelligi,
1167 3665 1222 3722 aut
1257 3666 1360 3723 totum
1395 3664 1501 3741 ipsum

252 3760 283 3810 50
298 3744 516 3821 compositum,
539 3743 606 3805 siue
633 3747 669 3804 vt
696 3744 784 3806 aiunt
805 3746 1011 3823 suppositum,
1037 3747 1092 3805 aut
1112 3744 1275 3805 hominem
1296 3744 1408 3820 solum,
1432 3745 1501 3808 siue

297 3824 404 3902 potius
419 3826 649 3888 humanitatem
663 3826 714 3888 vel
728 3827 903 3889 humanam
921 3832 1065 3889 naturam
1084 3828 1286 3905 assumptam,
1305 3827 1498 3906 respicimus.

297 3909 504 3987 Suppositum
539 3908 666 3987 etenim,
705 3909 736 3970 id
771 3913 820 3970 est
854 3911 959 3987 ipsum
987 3909 1160 3985 Christum,
1191 3929 1353 3987 nunquam
1381 3910 1503 3989 angelis

296 3990 478 4052 inferiorem
499 3991 654 4070 legimus;
690 4012 788 4071 quum
810 3992 875 4071 ipse
904 3993 1085 4071 angelorum
1114 3996 1206 4071 caput
1234 3992 1277 4052 sit
1305 3994 1337 4052 et
1358 3993 1502 4054 omnium

296 4071 452 4134 dominus
497 4074 570 4150 Ipse
585 4074 671 4134 enim
686 4073 767 4135 dixit
784 4076 895 4136 ‘Pater
908 4077 1008 4137 maior
1023 4094 1074 4135 me
1088 4076 1161 4148 est',
1179 4093 1337 4153 nusquam
1353 4075 1502 4154 ‘angelus

252 4170 282 4219 55
297 4152 396 4213 maior
415 4173 466 4212 me
480 4157 528 4213 est
538 4156 553 4210 '.
594 4155 637 4214 Et
651 4156 685 4215 in
699 4157 851 4234 Symbolo
867 4158 1030 4220 Anastasii
1049 4158 1200 4232 canimus,
1225 4156 1394 4234 ‘Aequalis
1412 4156 1502 4218 Patri

295 4234 471 4295 secundum
506 4233 716 4312 diuinitatem,
753 4238 858 4298 minor
893 4240 988 4300 Patre
1024 4239 1196 4301 secundum
1237 4238 1470 4312 humanitatem
1483 4242 1498 4300 '.

708 4357 748 4403 30.
768 4343 847 4392 radat
859 4347 959 4402 scripsi:
978 4345 1054 4393 redet
1066 4363 1087 4393 α.

328 4470 367 4519 ⁹3·
387 4455 664 4535 erimni]sc.1lrinni.
713 4525 719 4535 ι
821 4527 827 4538 1
923 4462 1104 4523 ¹1¹.Anshelrn,
1119 4461 1210 4511 March
1226 4464 1394 4526 1517,P.56.

295 4522 872 4655 ..2²shs31.¹t‘3¹l.¹t3⁸t.¹.2tut:
955 4543 996 4655 233
1014 4528 1300 4659 frustulum.

295 4654 406 4704 dirided
440 4656 499 4704 into
526 4670 624 4720 verses,
655 4656 768 4707 marked
802 4659 870 4707 with
955 4675 995 4722 54.
1013 4661 1097 4724 dixit]
1109 4661 1184 4710 John
1199 4677 1237 4722 14.
1250 4665 1291 4712 28.

295 4721 444 4770 miniature
468 4737 498 4770 or
519 4721 641 4785 capitale,
663 4723 713 4771 but
735 4726 784 4774 not
803 4724 871 4773 with
955 4741 997 4787 55.
1015 4727 1166 4791 anastasii]
1181 4728 1233 4777 For
1244 4728 1300 4778 thia
1311 4729 1505 4792 ascriptiones

296 4787 434 4838 numbers.
466 4788 523 4837 'Phe
535 4787 653 4838 division
667 4788 697 4838 of
709 4789 788 4838 other
797 4795 872 4854 parts
923 4793 971 4841 the
989 4796 1124 4853 Qunam
1140 4796 1189 4843 osolt
1206 4795 1235 4842 to
1252 4794 1322 4857 Pope
1339 4795 1503 4847 Anastasius

295 4851 326 4900 of
350 4852 397 4901 the
428 4854 507 4903 Bihle
530 4854 590 4903 into
613 4855 762 4904 numbered
783 4870 873 4905 verses
923 4859 1064 4922 (398-402)
1087 4874 1131 4908 sce
1154 4860 1186 4909 G.
1208 4860 1240 4910 D.
1258 4860 1301 4911 W.
1319 4862 1502 4924 Ommsnney,

296 4919 392 4981 begins
410 4920 479 4970 with
505 4919 581 4970 Robt.
604 4920 768 4985 Stephanus'
785 4922 872 4971 Greek
924 4929 988 4973 Diae.
1005 4940 1035 4972 oa
1051 4929 1087 4972 tte
1105 4929 1261 4975 Athanasius
1275 4930 1351 4991 orrea,
1369 4928 1441 4991 1897,
1455 4943 1499 4992 pp.

296 4986 364 5036 Now
374 4984 530 5036 Testament
542 4986 572 5035 os
585 5000 657 5049 1551.
925 5004 982 5051 239,
992 5003 1048 5050 241,
1060 5004 1116 5052 249,
1127 5005 1251 5054 399-401.
1284 4994 1314 5043 It
1324 5008 1379 5043 was
1390 4997 1502 5045 notun·

329 5052 448 5112 41-a.ds
464 5054 531 5103 Arte
543 5051 717 5117 Gabalistica]
732 5052 870 5117 Hagenau,
925 5069 1050 5104 common
1063 5055 1092 5101 in
1105 5056 1152 5105 the
1164 5057 1264 5108 lliddle
1276 5058 1354 5123 Ages
