3534 5984
346 674 405 736 ue
699 673 895 737 armans
917 673 1194 768 oapnaasuus
1456 677 1550 755 [1525

345 858 366 901 a
387 837 481 900 nobis
503 844 718 900 accersantur.
762 837 835 900 Iam
857 843 935 899 sunt
958 836 1119 916 quaedam
1141 855 1311 917 corporum
1335 838 1551 918 aegritudines

344 938 429 999 quae
461 919 641 982 cruciatum
672 920 831 992 nesciunt,
860 918 963 981 veluti
991 918 1138 998 phthisis.
1189 918 1242 980 An
1275 939 1352 981 vero
1384 926 1434 981 est
1467 920 1552 982 vllus

345 1001 498 1081 hydrops,
513 1000 580 1062 vlla
592 1000 701 1075 febris,
716 1021 799 1082 quae
809 1002 855 1062 sio
869 1000 1043 1062 discruciat
1053 1020 1169 1080 corpus
1179 1007 1218 1062 vt
1228 1001 1383 1081 pecuniae
1393 1001 1549 1074 studium,

345 1089 384 1144 vt
406 1101 497 1147 amor
517 1084 690 1162 impotens,
712 1091 751 1144 vt
771 1082 944 1163 zelotypia,
967 1088 1006 1143 vt
1025 1081 1109 1143 liuor
1129 1088 1262 1163 torquet
1283 1083 1456 1145 animum?
1500 1084 1553 1144 Ad

298 1186 334 1235 40
345 1164 435 1238 haec,
452 1166 594 1245 corporis
609 1164 713 1226 morbi
729 1163 840 1226 crebro
855 1164 1027 1226 medentur
1042 1164 1141 1225 animi
1157 1163 1260 1237 malis,
1277 1184 1379 1245 quum
1395 1186 1436 1225 ex
1452 1166 1552 1226 animi

345 1246 428 1308 vitio
454 1245 522 1308 fere
549 1252 724 1308 nascantur
751 1252 786 1307 et
813 1247 954 1327 corporis
981 1245 1077 1307 mala.
1127 1244 1297 1307 Grauiores
1324 1248 1552 1309 existimantur

346 1328 487 1408 corporis
513 1326 627 1402 morbi,
654 1329 711 1409 qui
736 1334 864 1408 praeter
890 1327 1070 1389 molestiam
1096 1327 1219 1389 habant
1244 1334 1280 1389 et
1303 1329 1550 1408 turpitudinem.

346 1408 393 1472 At
418 1409 604 1471 huiusmodi
628 1416 706 1471 sunt
732 1429 843 1472 omnes
870 1410 1051 1471 animorum
1078 1408 1203 1471 morbi:
1241 1428 1308 1471 non
1334 1412 1421 1471 enim
1447 1410 1551 1471 solum

346 1490 497 1553 adimunt
520 1492 620 1554 animi
642 1498 718 1553 trau
740 1491 914 1553 uillitatem
937 1492 1174 1554 verumetiam
1196 1490 1365 1552 infamiam
1389 1491 1552 1554 adferunt.

299 1592 332 1645 45
387 1572 503 1635 Medici
516 1572 642 1635 nullum
655 1511 841 1635 morliorum
855 1592 955 1653 genus
969 1579 1090 1651 putant
1102 1570 1337 1634 formidabilius
1351 1592 1451 1654 quam
1465 1573 1553 1654 quod

346 1661 479 1735 aegroto
494 1655 571 1715 mali
585 1674 714 1717 sensum
726 1656 834 1735 eripit.
870 1652 1051 1717 Sanabilior
1065 1655 1151 1714 enim
1166 1660 1216 1715 est
1230 1654 1431 1735 podagricus,
1447 1656 1504 1735 qui
1519 1675 1553 1716 se

347 1738 499 1799 miserum
515 1735 663 1797 clamitat
678 1743 713 1798 et
729 1736 890 1798 medicum
906 1737 1025 1797 accersi
1038 1734 1141 1808 iubet,
1157 1755 1258 1815 quam
1273 1737 1478 1816 phreneticus
1495 1743 1553 1798 aut

345 1818 550 1898 lethargicus,
569 1837 708 1897 quorum
726 1818 778 1879 hic
796 1816 858 1879 sibi
876 1817 1006 1879 videtur
1024 1837 1131 1891 sanus,
1150 1817 1203 1879 ille
1222 1818 1383 1880 medicum
1401 1818 1553 1898 opitulari

347 1901 532 1980 cupientem
541 1899 678 1961 inuadit.
711 1900 757 1960 At
766 1898 952 1961 huiusmodi
960 1899 1027 1961 fere
1037 1905 1115 1962 sunt
1125 1918 1236 1961 omnes
1246 1901 1427 1961 animorum
1438 1899 1552 1961 morbi.

303 2005 337 2058 50
349 1980 421 2055 Quo
431 1982 567 2062 quisque
577 1982 707 2061 grauius
718 1987 876 2061 aegrotat,
888 1981 948 2042 hoc
960 1981 1066 2042 minus
1077 1980 1225 2042 admittit
1235 2000 1330 2062 opem
1341 1981 1531 2043 medicantis
1545 2002 1552 2043 :

348 2081 426 2124 nam
446 2063 481 2123 in
502 2062 552 2123 his
596 2081 702 2143 uoque
724 2064 864 2124 varietas
885 2069 945 2125 est.
989 2062 1097 2143 Longe
1117 2062 1244 2124 facilius
1265 2064 1430 2125 medemur
1451 2063 1553 2136 luxui,

345 2142 474 2205 libidini
482 2149 518 2205 et
527 2082 714 2223 prdlusioni,
724 2146 922 2225 caeterisque
935 2146 1059 2219 crassis,
1071 2151 1109 2206 vt
1120 2146 1170 2206 ita
1182 2144 1298 2219 dicam,
1310 2146 1410 2207 animi
1423 2144 1553 2217 morbis,

371 2244 448 2287 uam
465 2224 645 2300 ambitioni,
662 2246 762 2305 quam
777 2226 929 2301 inuidiae,
969 2246 1045 2288 uam
1062 2226 1249 2306 philautiae,
1266 2247 1365 2306 quam
1382 2227 1553 2307 hypocrisi.

348 2245 468 2369 lideas
477 2307 598 2368 multos
608 2307 726 2389 quibus
737 2328 803 2370 non
816 2310 919 2389 possis
932 2246 1069 2370 oltiicere
1082 2316 1232 2389 stuprum
1246 2315 1306 2370 aut
1318 2308 1553 2382 temulentiam,

304 2413 335 2468 55
349 2388 407 2451 sed
422 2390 488 2450 toti
504 2389 638 2451 madent
654 2408 763 2452 amore
779 2391 840 2464 sui,
858 2390 901 2451 ad
917 2391 1004 2451 hunc
1024 2409 1206 2470 gnomonen
1226 2392 1415 2452 examinant
1434 2391 1553 2451 omnia.

349 2469 384 2534 Si
400 2472 473 2551 quis
489 2469 639 2545 obsistat,
655 2470 781 2534 nullum
796 2472 961 2533 vindictae
977 2492 1077 2552 genus
1092 2492 1159 2535 non
1175 2473 1361 2545 moliuntur,
1379 2471 1554 2533 sceleratis·

349 2553 438 2614 simis
463 2553 594 2615 interim
620 2553 854 2633 cupiditatibus
881 2560 1106 2635 praetexentes
1132 2555 1284 2616 honestos
1310 2554 1434 2616 titulos.
1484 2553 1554 2627 Quo

350 2634 482 2716 quidem
497 2634 665 2698 hominum
701 2656 794 2699 encre
809 2636 890 2698 nihil
905 2636 1073 2698 nocentius
1088 2656 1193 2716 neque
1208 2635 1415 2717 deploratius.

391 2716 441 2778 De
457 2718 599 2798 corporis
617 2655 737 2778 morltis
753 2717 878 2781 iudicat
895 2718 1031 2780 animus.
1070 2717 1163 2779 Idem
1180 2718 1215 2779 in
1232 2719 1332 2779 animi
1349 2716 1469 2779 morbis
1487 2716 1556 2778 fieri

304 2812 417 2862 conon
434 2804 554 2878 potest,
573 2818 675 2880 quum
692 2819 732 2860 ea
749 2818 824 2879 pars
842 2800 945 2861 nostri
961 2798 1089 2861 laboret
1105 2818 1171 2880 qua
1187 2799 1377 2861 iudicamus.
1417 2798 1556 2860 Proinde

351 2898 417 2960 quo
438 2880 580 2942 remedio
602 2901 768 2942 succurras
788 2881 836 2942 illi
858 2882 916 2962 qui
937 2882 1026 2942 sitim
1047 2879 1272 2960 inexplebilem
1295 2880 1435 2942 habendi
1458 2886 1556 2942 vocat

351 2962 600 3041 prouidentiam,
628 2963 685 3042 qui
710 2960 846 3023 liuorem
873 2962 1017 3042 appellat
1044 2963 1171 3025 honesti
1197 2962 1311 3035 zelum,
1340 2964 1397 3042 qui
1424 2981 1555 3024 coecum

353 3061 495 3104 amorem
522 3045 572 3103 sui
599 3045 748 3104 nominat
774 3043 991 3123 prudentiam,
1019 3044 1261 3106 maledicentiae
1289 3044 1438 3106 morbum
1464 3044 1557 3106 fucat

351 3123 450 3186 titulo
459 3124 647 3185 libertatis?
681 3124 815 3186 Accedit
827 3125 961 3188 adhaec
973 3126 1062 3205 quod
1073 3127 1124 3188 cui
1135 3125 1233 3206 pedes
1245 3126 1391 3207 alligauit
1402 3126 1489 3207 poda
1526 3145 1556 3199 a,

306 3220 337 3283 65
352 3211 464 3266 tamen
477 3205 577 3266 oculis
589 3212 624 3267 ct
636 3206 767 3268 auribus
780 3226 877 3268 sanus
890 3213 950 3269 est.
985 3206 1030 3269 At
1043 3227 1126 3269 vnus
1139 3209 1300 3288 quispiam
1313 3209 1413 3269 animi
1426 3228 1496 3269 mor
1519 3226 1556 3268 us

352 3293 463 3348 totum
483 3288 581 3349 vitiat
600 3289 755 3349 animum.
797 3288 940 3350 Rursum
961 3290 1013 3350 cui
1032 3309 1082 3350 res
1102 3297 1153 3352 est
1172 3309 1247 3352 cum
1267 3289 1401 3364 calculo,
1422 3290 1557 3351 caeteris

353 3367 474 3430 morbis
492 3375 592 3431 caret.
631 3369 677 3431 At
694 3368 802 3431 nullus
820 3376 871 3432 est
890 3371 990 3432 animi
1009 3370 1139 3433 morbus
1158 3373 1215 3453 qui
1233 3391 1299 3434 non
1317 3392 1427 3434 secum
1445 3372 1557 3433 trahat

355 3468 471 3531 agmen
484 3451 648 3513 vitiorum.

394 3532 467 3593 Iam
481 3533 509 3593 si
524 3551 584 3612 par
597 3539 648 3595 est
663 3553 704 3594 ex
719 3534 862 3614 contagii
874 3553 962 3595 noxa
977 3534 1125 3597 morbum
1141 3536 1321 3608 aestimare,
1337 3554 1358 3597 a
1372 3534 1558 3615 pestilentia

306 3639 342 3691 70
352 3614 419 3676 tuti
432 3620 510 3675 sunt
523 3634 624 3689 senes,
639 3616 667 3676 si
680 3615 785 3677 Plinio
798 3615 958 3678 credimus
971 3637 979 3690 ;
1005 3636 1064 3678 nec
1078 3636 1117 3678 ea
1130 3618 1246 3697 quouis
1259 3616 1428 3696 demigrat,
1443 3615 1501 3677 sed
1514 3613 1557 3675 ab

353 3694 515 3758 Austrinis
538 3697 721 3777 regionibus
745 3704 828 3771 orta,
852 3697 920 3760 fere
944 3697 1104 3779 demigrat
1128 3698 1172 3759 ad
1196 3697 1427 3762 occidentales.
1473 3696 1558 3760 Sunt

354 3776 458 3840 morbi
471 3779 528 3858 qui
539 3799 605 3840 non
618 3780 786 3859 attingtmt
797 3798 914 3860 pueros
927 3799 935 3853 ;
960 3785 1038 3843 sunt
1047 3781 1104 3860 qui
1114 3786 1253 3860 parcunt
1262 3780 1354 3842 sexui
1362 3779 1556 3850 foeminin0;

354 3867 432 3923 sunt
459 3861 516 3942 qui
542 3868 693 3942 potentes
719 3864 894 3942 impetunt,
922 3860 1009 3942 plebi
1036 3869 1215 3942 parcentes,
1242 3862 1422 3924 cuiusmodi
1448 3861 1559 3924 ferunt

352 3941 516 4016 lichenas;
552 3950 631 4006 sunt
655 3944 712 4023 qui
735 3945 801 4005 suis
824 3950 957 4006 tantum
982 3943 1145 4006 aetatibus
1170 3950 1229 4006 aut
1252 3945 1353 4006 etiam
1376 3943 1559 4024 regionibus

309 4046 340 4100 75
354 4025 514 4086 saeuiunt.
572 4025 810 4106 Elephantiasis
849 4032 883 4087 et
920 4043 1079 4105 gemursa,
1119 4045 1221 4105 quum
1254 4027 1492 4107 immigrassent
1525 4025 1559 4085 in

354 4104 496 4178 Italiam,
518 4106 663 4168 celeriter
682 4108 846 4169 extinctae
866 4114 954 4169 sunt.
997 4107 1153 4170 Sudorem
1172 4106 1336 4171 letiferum
1357 4114 1434 4172 ante
1458 4125 1560 4167 annos

354 4187 490 4265 triginta
511 4207 577 4248 non
598 4190 692 4250 nouit
713 4187 840 4269 Anglia,
863 4209 922 4250 nec
944 4209 983 4250 ea
1003 4189 1073 4252 lues
1094 4189 1161 4251 fere
1182 4188 1325 4251 transilit
1346 4190 1415 4250 eius
1436 4187 1559 4248 insulae

468 4314 509 4365 37.
527 4302 615 4353 cLB:
637 4305 761 4355 nesciant
770 4306 797 4357 θ.
934 4317 946 4368 5
952 4317 974 4368 5.
993 4307 1169 4370 gnomondfl:
1192 4318 1353 4370 gnomonem
1364 4301 1445 4352 lead.

390 4445 431 4496 7ο.
450 4429 547 4493 Plinio]
559 4433 594 4483 Η.
603 4433 638 4483 Ν.
669 4448 748 4499 .170.
980 4434 1302 4493 morumaxitio,sammc
1316 4436 1416 4481 terrem
1431 4429 1559 4491 omnium,

392 4509 432 4561 75.
452 4498 499 4548 Ele
519 4496 648 4548 hantiasia
670 4499 705 4550 Η.
714 4499 749 4550 N.
762 4502 802 4551 26.
818 4500 875 4564 7-8.
980 4499 1099 4564 reiquia
1108 4497 1408 4559 nouum,vtamediois
1420 4496 1560 4547 minimum

392 4565 434 4627 76.
453 4562 489 4614 Su
509 4561 592 4625 cram]
609 4563 642 4614 ln
659 4563 705 4614 the
724 4564 887 4616 Goaadtctio
905 4565 936 4616 da
979 4570 1050 4615 esset
1066 4566 1133 4630 opis,
1151 4565 1194 4616 rel
1210 4565 1275 4630 quis
1291 4564 1383 4643 poncia
1400 4563 1471 4614 horis
1489 4562 1561 4614 tollit

357 4628 421 4680 ballo
444 4628 561 4690 Persico,
586 4629 673 4689 Baelo,
698 4628 811 4691 hohen,
836 4632 875 4693 (c.
905 4643 936 4695 17
980 4645 1061 4696 quam
1072 4631 1194 4697 arripuit,
1207 4631 1327 4696 velqura
1337 4630 1451 4681 subinde
1463 4629 1561 4694 repetit

358 4691 450 4744 March
488 4707 561 4759 1530,
581 4695 707 4745 Ermmua
724 4696 799 4761 gives
817 4709 834 4743 a
851 4710 936 4745 some·
980 4711 1060 4761 quam
1071 4697 1187 4762 reliquit,
1198 4697 1242 4748 rel
1252 4698 1317 4762 quia
1327 4696 1426 4762 pernici
1436 4697 1562 4760 eontagm

359 4758 433 4810 what
460 4760 465 4772 '
502 4764 700 4811 rentacccunt:
719 4759 782 4813 ‘Nu
815 4776 937 4812 rnouum
980 4761 1109 4813 latissime
1138 4764 1252 4828 grassari
1283 4762 1368 4814 solet'
1403 4764 1461 4828 (pp.
1493 4760 1560 4821 8-9=

405 4823 525 4876 tilentiae
540 4840 622 4891 genua
637 4826 780 4889 immisit<
806 4827 937 4889 ominus),
983 4826 1036 4878 LB.
1060 4842 1086 4879 r.
1110 4832 1232 4946 “mibi
1260 4828 1313 4880 For
1334 4827 1381 4879 tha
1401 4838 1511 4890 ravages
1532 4822 1561 4872 ol

368 4890 492 4941 etilamm
513 4890 645 4951 sudorem,
686 4891 741 4942 uod
762 4906 780 4942 a
802 4891 938 4942 Britennis
983 4890 1178 4946 thediaaaaain
1233 4893 1561 4959 glandinhug.1517me

358 4960 482 5007 exortum
491 4956 638 5007 incredibili
646 4905 782 5008 celer-itate
791 4956 939 5022 parorbem
985 4956 1052 5035 Epp.
1076 4962 1136 5024 623,
1155 4963 1216 5023 624,
1237 4963 1296 5022 ⁶³9·
1322 4973 1378 5017 1-2‚
1401 4968 1484 5007 20-22
1507 4953 1561 5005 and

360 5022 438 5089 longe
465 5022 572 5087 lateque
599 5022 756 5089 diuagatum
780 5027 832 5083 eat,
858 5022 938 5087 pluri-
984 5022 1174 5077 Grmtinianii.
1190 5024 1487 5087 113-16,120,126-30.
