3534 5984
294 676 357 737 sco
651 671 842 734 umuuus
863 666 1141 735 orualsuus
1416 671 1503 749 [1527

336 839 367 901 S.
382 839 428 911 Ρ.,
445 840 561 918 egregii
576 839 647 898 viri.
684 837 788 899 blulta
802 842 880 898 sunt
894 855 957 915 que
973 855 1025 898 me
1040 835 1082 896 ad
1097 837 1182 897 hauc
1196 836 1379 916 cgristolam
1395 838 1439 898 ad
1452 857 1505 899 voa

295 920 495 983 scribendam
520 920 712 999 impellunt:
749 920 888 999 primum
914 938 1021 980 meum
1046 917 1134 998 apud
1159 917 1335 981 Gaesarem
1362 927 1505 983 nostrum

295 1004 444 1074 officium,
460 1022 525 1081 quo
540 1003 719 1063 maiestatis
732 1021 788 1061 sue
802 1002 1030 1062 auctoritatem
1044 1000 1164 1080 vbique
1177 1019 1378 1080 promouere
1388 1010 1505 1073 teneor,

296 1086 346 1147 bis
374 1085 541 1165 presertim
571 1083 770 1162 temporibus
797 1084 831 1143 in
860 1082 978 1161 quibus
1007 1082 1092 1144 malo
1120 1081 1267 1161 quodam
1296 1082 1374 1145 fato
1404 1085 1508 1146 omnia

268 1187 280 1239 ,ς
296 1167 488 1229 tumultuari
508 1167 687 1236 cernimus3
716 1172 861 1244 preterea
881 1183 971 1226 meus
991 1183 1067 1244 erga
1085 1164 1186 1225 bonas
1203 1163 1338 1226 litteras
1358 1168 1506 1227 rectiora

296 1269 359 1328 que
377 1248 487 1311 studia
505 1249 640 1319 animus,
661 1255 759 1325 atque
778 1265 853 1325 erga
872 1265 930 1307 vos
948 1253 983 1307 et
1002 1245 1208 1307 Academiam
1226 1246 1330 1307 istam
1352 1249 1507 1328 prompti·

297 1331 387 1393 tudo.
435 1330 505 1404 Quo
532 1328 571 1390 fit
598 1337 636 1389 vt
664 1329 746 1390 bane
774 1328 817 1387 ad
849 1348 908 1388 vos
940 1328 1099 1389 scribendi
1130 1328 1337 1406 prouinciam
1372 1330 1508 1391 libenter

297 1414 498 1492 susceperim.
561 1410 643 1484 Qum
682 1412 822 1490 primum
862 1411 949 1470 enim
990 1409 1101 1473 audiui
1143 1416 1291 1470 vestrum
1333 1411 1509 1472 nonnullos

297 1495 451 1556 Caesareo
472 1494 639 1570 aedi<e>to
660 1492 702 1551 ad
727 1512 785 1552 vos
809 1491 852 1552 ob
876 1491 960 1552 hanc
983 1509 1114 1552 causam
1135 1491 1241 1563 misso,
1266 1498 1396 1571 spreto,
1419 1494 1510 1554 nouis

254 1596 284 1632 ιο
296 1576 399 1638 indies
420 1574 708 1654 conspirationibus
729 1575 763 1633 in
784 1574 910 1634 hhaami
931 1592 1048 1634 nomen
1068 1572 1247 1645 debaocari,
1269 1573 1367 1635 nolui
1389 1575 1432 1636 de
1454 1576 1510 1636 hac

298 1680 331 1719 re
348 1659 513 1720 Caesarem
532 1675 680 1726 monem
709 1657 776 1717 scio
791 1657 878 1717 enim
894 1655 985 1715 illum
1003 1654 1135 1716 moleste
1152 1653 1332 1716 admodum
1352 1656 1509 1726 laturum,

299 1741 353 1801 vbi
369 1740 507 1800 audierit
521 1740 589 1799 eius
604 1737 731 1798 aedicto
744 1739 789 1798 sic
805 1737 892 1817 apud
907 1757 966 1798 vos
980 1736 1076 1797 eludi.
1113 1736 1231 1798 Verum
1246 1736 1299 1797 his
1313 1737 1443 1799 littoris
1456 1758 1512 1800 vos

298 1824 399 1882 amice
422 1820 597 1881 monendos
619 1820 708 1893 duxi,
731 1840 772 1879 ne
795 1819 873 1898 quid
897 1818 962 1879 tale
985 1818 1122 1898 amplius
1144 1816 1211 1878 ficri
1234 1820 1456 1897 permittatis,
1479 1822 1511 1880 in

298 1904 450 1975 Caesaris,
485 1903 676 1963 Academiae
709 1909 915 1980 vestrumque
944 1901 1086 1961 omnium
1114 1898 1274 1961 dedecus:
1321 1921 1394 1963 non
1427 1903 1511 1963 enim

255 2005 283 2055 ις
299 1993 435 2065 poscunt
451 1986 529 2044 haec
543 1992 689 2063 tempora
704 1983 785 2043 adeo
798 1983 958 2044 infoelieia
972 1989 1010 2043 vt
1023 1981 1167 2045 Caesaris
1180 1980 1310 2042 aediota
1324 1984 1374 2043 sic
1390 1985 1512 2063 passim

299 2086 319 2126 a
332 2068 397 2126 suis
411 2066 590 2126 eludantur.

340 2147 468 2209 Norunt
496 2167 607 2208 omnes
636 2166 734 2225 quam
763 2148 806 2206 sit
836 2146 988 2207 Erasmus
1016 2146 1057 2206 de
1086 2145 1269 2207 Christiana
1298 2146 1512 2224 repub<lica>

299 2229 523 2301 benemeritus,
547 2230 595 2289 ita
619 2237 656 2288 vt
679 2228 730 2289 bic
754 2228 840 2306 apud
865 2228 1027 2306 Hispanos
1048 2229 1083 2289 in
1106 2226 1217 2288 mundi
1241 2225 1364 2307 angulo
1388 2229 1513 2290 nullius

298 2330 415 2372 nomen
435 2329 536 2389 aeque
556 2310 598 2371 ab
617 2310 766 2370 omnibus
786 2309 972 2371 celebretur.
1015 2309 1108 2384 Quod
1127 2329 1186 2370 vos
1204 2307 1315 2369 forsan
1334 2308 1429 2371 bona
1447 2308 1512 2370 fide

253 2412 286 2450 20
299 2393 404 2474 agitis,
417 2391 451 2452 id
463 2392 604 2453 inuidiae
616 2411 714 2452 causa
726 2392 794 2452 fieri
806 2393 1060 2471 interpretantur
1073 2411 1080 2463 ;
1106 2390 1251 2469 maleque
1264 2389 1308 2450 ab
1320 2390 1374 2451 bis
1388 2392 1514 2452 auditis

299 2474 387 2554 quod
408 2480 538 2535 tantum
560 2475 665 2535 virum
686 2482 940 2545 conterraneum,
963 2473 1005 2534 ob
1029 2473 1126 2551 idque
1149 2473 1283 2534 summis
1307 2471 1467 2535 laudibus
1492 2491 1513 2533 a

300 2557 392 2618 vobis
405 2556 634 2627 extollendum,
650 2563 744 2617 tanto
758 2556 832 2616 odio
846 2555 995 2617 insectari
1010 2555 1217 2634 permittatis,
1232 2560 1271 2614 vt
1283 2554 1351 2615 sint
1366 2556 1429 2634 qui
1442 2556 1513 2616 eius

299 2658 415 2700 nomen
431 2640 559 2718 penitus
573 2638 693 2698 diluere
708 2646 873 2699 conentur.
911 2638 1018 2715 Atque
1033 2637 1093 2697 boc
1109 2644 1194 2697 certe
1209 2635 1298 2708 mihi,
1314 2642 1353 2696 vt
1367 2637 1513 2716 ingenue

299 2721 412 2792 fatear,
437 2722 567 2781 omnino
590 2720 785 2791 indecorum,
809 2740 849 2780 ne
870 2719 976 2780 (licam
997 2717 1303 2798 impium,.videtur.
1348 2714 1512 2780 Cohibete

254 2822 283 2872 ες
299 2804 405 2880 igitur,
429 2804 489 2862 viri
510 2803 635 2881 optimi,
657 2809 691 2861 et
711 2802 836 2880 linguas
856 2807 891 2861 et
911 2800 1094 2880 petulantes
1114 2799 1247 2871 libellos,
1269 2797 1355 2859 vnde
1378 2808 1512 2879 praeter

298 2883 432 2944 dissidia
462 2885 540 2944 nihil
574 2883 728 2963 proficisci
762 2890 879 2961 potest.
935 2881 1010 2942 Plus
1043 2883 1122 2942 satis
1153 2880 1358 2941 dissidiorum
1393 2882 1512 2944 morbo

299 2965 426 3026 laborat
443 2966 538 3038 orbis,
557 2967 656 3025 etiam
675 2966 701 3024 si
720 2985 784 3026 non
803 2970 1007 3025 accersantur
1025 2965 1101 3025 noui
1119 2962 1288 3024 tumultus.
1330 2960 1411 3023 Plus
1428 2965 1513 3024 satis

299 3049 364 3107 iam
384 3055 460 3107 sunt
479 3049 535 3126 qui
555 3047 662 3126 palam
682 3055 815 3108 tuentur
835 3046 968 3108 Lutheri
986 3046 1149 3125 dogmata,
1169 3046 1268 3105 etiam
1288 3043 1315 3104 si
1334 3043 1513 3105 calumniis

299 3147 364 3190 non
383 3128 616 3208 protrudentur
633 3130 668 3189 in
684 3128 770 3189 illius
789 3128 962 3189 factionem
981 3129 1037 3207 qui
1056 3129 1192 3208 cupiunt
1209 3145 1277 3187 esse
1294 3131 1329 3185 et
1348 3124 1511 3188 hactenus

253 3230 286 3281 30
299 3211 511 3290 perstiterimt
526 3211 560 3270 in
577 3211 738 3271 consortio
756 3209 916 3271 Ecclesiae
933 3210 1110 3282 catholice;
1139 3228 1198 3270 neo
1254 3207 1382 3269 rstitere
1401 3208 1511 3270 solum

299 3309 411 3351 verum
425 3291 525 3351 etiam
539 3310 597 3369 pro
610 3291 695 3351 virili
708 3300 854 3371 pugnant
868 3292 1021 3353 aduersus
1035 3292 1143 3352 hostes
1157 3290 1221 3352 Eoo
1233 3289 1325 3351 esiae.
1361 3286 1512 3369 Impium

299 3373 385 3433 enim
398 3378 448 3432 est
460 3371 631 3432 Erasmum
642 3374 677 3433 in
690 3374 757 3433 acie
769 3380 912 3435 stantem
923 3381 958 3436 et
970 3393 1044 3435 cum
1058 3372 1198 3434 Luthero
1211 3389 1325 3433 manus
1338 3389 1509 3433 conseren-

300 3462 366 3515 tem
388 3453 430 3514 ab
450 3454 500 3514 his
520 3474 578 3534 pro
599 3454 716 3533 quibus
736 3455 880 3528 dimicat,
903 3474 923 3516 a
943 3463 1033 3535 tergo
1053 3455 1193 3517 adoriri:
1225 3453 1318 3533 quasi
1337 3471 1404 3514 nou
1425 3455 1512 3514 satis

300 3543 384 3598 esset
406 3535 663 3597 Lutheranorum
685 3537 806 3598 insanis
827 3537 943 3599 libellis
966 3536 1081 3598 Latine
1104 3535 1354 3614 Germaniceque
1377 3535 1512 3616 scriptia

254 3640 284 3691 35
300 3620 461 3699 optimum
488 3619 579 3679 illum
607 3620 713 3679 virum
740 3619 887 3698 lapidari.
929 3619 1000 3681 Hoc
1024 3620 1133 3699 potius
1158 3616 1317 3697 agendum
1344 3622 1442 3689 esset,
1468 3623 1510 3679 vt

300 3701 484 3781 transfugas
496 3702 531 3761 in
546 3700 706 3762 Ecclesiae
725 3708 832 3762 castra
849 3720 1081 3773 reuocaremus‚
1097 3719 1195 3779 quam
1210 3707 1248 3761 vt
1261 3698 1382 3759 amicos
1394 3704 1509 3760 extru-

299 3783 456 3844 daremus.

342 3864 453 3925 Etiam
482 3866 509 3924 si
540 3864 619 3943 quid
648 3871 733 3926 esset
762 3865 797 3925 in
826 3864 916 3925 libris
947 3864 1073 3925 Erasmi
1102 3861 1189 3943 quod
1218 3863 1510 3940 incircunspectius

300 3948 456 4025 scriptum
477 3945 650 4019 videretur,
672 3945 803 4025 quando
824 3945 955 4025 quidem
975 3945 1083 4007 nullus
1103 3945 1209 4006 adhuc
1230 3945 1424 4023 scriptorum
1446 3944 1511 4007 hoc

252 4048 287 4096 40
301 4028 404 4087 vitare
424 4029 542 4106 potuit,
561 4028 642 4088 nihil
661 4036 770 4088 tamen
785 4048 866 4107 opus
879 4036 930 4089 est
944 4047 1011 4088 rem
1024 4027 1077 4088 vel
1096 4027 1155 4088 hoc
1170 4026 1346 4106 periculoso
1360 4032 1512 4105 tempore

300 4108 352 4170 vel
381 4109 562 4171 huiusmodi
592 4109 786 4171 tumultibus
814 4129 925 4189 agere;
962 4110 1130 4190 presertim
1154 4127 1255 4187 quum
1275 4109 1344 4188 ipsc
1364 4106 1512 4170 declaret

301 4191 445 4251 animum
461 4210 535 4251 vere
551 4192 683 4270 pietatis
699 4192 889 4265 studiosum,
907 4210 1094 4271 semperque
1111 4209 1170 4251 sua
1185 4191 1306 4269 scripta
1321 4188 1512 4251 submiserit

301 4271 461 4333 Ecclesiae
488 4272 616 4345 iudicio,
643 4292 739 4352 seque
766 4281 917 4352 paratum
942 4272 1103 4353 professus
1128 4273 1171 4333 sit
1197 4272 1248 4332 vel
1274 4272 1428 4350 corrigere
1456 4271 1511 4333 vel

300 4352 468 4431 explicare,
497 4354 525 4413 si
551 4353 630 4431 quid
656 4356 725 4415 iure
751 4354 888 4416 offendit
915 4354 1016 4416 bonos
1044 4362 1078 4416 et
1109 4355 1259 4432 integros.
1307 4352 1392 4414 Nam
1423 4370 1510 4430 quos

252 4455 284 4507 45
300 4436 473 4513 occupauit
485 4434 606 4507 odium,
621 4435 671 4497 his
683 4436 764 4496 nihil
777 4438 908 4498 omnino
922 4437 1037 4517 placet.
1073 4435 1175 4497 Goeoa
1187 4435 1273 4495 enim
1286 4442 1363 4496 sunt
1377 4435 1508 4508 amoris,

300 4516 357 4576 sed
378 4517 521 4576 cocciora
542 4523 618 4577 sunt
639 4517 706 4578 odii
727 4518 854 4578 iudicia.
907 4518 1057 4580 Preteraa
1077 4536 1194 4597 aequm
1214 4523 1301 4577 certe
1323 4522 1373 4577 est
1393 4521 1432 4575 vt
1453 4521 1508 4578 tot

300 4597 427 4675 vigiliis,
451 4597 568 4676 quibus
590 4600 740 4677 prouexit
761 4606 796 4659 et
816 4600 920 4661 indies
941 4600 1090 4680 prouehit
1112 4599 1214 4661 bonas
1234 4598 1361 4660 litteras
1381 4604 1416 4658 et
1438 4614 1508 4658 rem

300 4678 523 4758 theologicam,
541 4680 665 4758 aliquid
681 4680 871 4741 tribuamus.

342 4760 431 4822 Haec
443 4762 485 4821 ad
496 4782 554 4822 vos
565 4762 733 4823 scribenda
742 4762 832 4836 duxi,
845 4771 882 4823 vt
894 4764 977 4824 clam
989 4782 1182 4842 syncereque
1194 4762 1352 4823 admoniti
1364 4760 1508 4822 Caesaris

256 4865 287 4916 50
300 4842 464 4925 dignitati,
487 4844 716 4924 reipub<licae>
733 4852 769 4904 et
793 4846 962 4924 presertim
981 4846 1074 4905 istius
1099 4847 1262 4925 prouincia
1289 4842 1508 4923 tranquilitati

377 4964 401 5011 6.
421 4959 630 5026 promptitudine
641 4958 702 5010 MS.
821 4974 859 5012 12.
878 4960 982 5011 audiret
994 4960 1052 5014 MS.
1170 4975 1210 5024 24.
1229 4960 1350 5012 Cobibite
1361 4956 1420 5009 MS.

333 5103 358 5150 9·
376 5089 490 5154 aadillo]
505 5090 552 5142 800
565 5089 614 5155 Ep.
631 5092 701 5151 1690.
719 5103 792 5214 1:911.
971 5105 1009 5157 19.
1021 5091 1177 5155 celebretur]
1188 5090 1227 5144 Ol.
1239 5090 1288 5159 Ep
1305 5104 1377 5155 ¹74²·
