3534 5984
359 675 422 738 290
715 670 909 733 Imaus
931 670 987 733 OF
1007 668 1208 732 ERASMUS
1470 667 1568 744 [1526

358 837 448 901 tione
472 836 782 909 commendabatur3
821 834 910 915 qnod
934 840 1110 915 supererat,
1135 834 1169 895 in
1193 832 1468 895 Annctationihus
1493 839 1567 896 erat

360 919 530 999 agendum.
575 917 669 993 Quod
688 918 715 978 si
733 917 861 998 legisses
881 936 1025 997 eaquae
1046 915 1318 978 calumniantibus
1338 915 1425 977 hunc
1444 914 1564 989 locum,

359 1007 436 1063 ante
457 1020 558 1063 annos
578 1002 722 1081 quinque
740 999 902 1079 respondi,
924 1004 983 1061 ant
1005 997 1209 1060 satisfactum
1229 996 1345 1059 fuisset
1367 1002 1444 1059 tuae
1464 1016 1564 1076 qnae·

313 1108 347 1161 30
358 1082 466 1156 stioni,
483 1088 541 1144 aut
554 1082 722 1144 habuisses
735 1081 914 1144 vberiorsm
929 1079 1176 1161 argumentandi
1190 1078 1370 1141 materiam.

401 1164 490 1239 Quae
506 1164 618 1227 scribis
634 1164 676 1226 de
692 1182 771 1244 pace
787 1164 925 1243 piorum,
943 1164 995 1224 cui
1012 1181 1119 1225 comes
1134 1168 1186 1224 est
1200 1161 1339 1234 iusticia,
1358 1161 1436 1222 mihi
1453 1167 1564 1223 tecum

358 1265 424 1326 pax
447 1252 519 1319 est;
554 1246 617 1307 nisi
639 1245 728 1327 qnod
752 1245 840 1326 pecie
863 1244 1058 1307 vocabulum
1081 1244 1115 1306 in
1139 1242 1332 1323 Apostolicis
1354 1242 1473 1305 litteris
1495 1242 1565 1305 iere

357 1333 454 1390 sonat
469 1328 781 1391 ‘reconsiliationem
793 1326 813 1400 ’,
829 1332 864 1389 et
876 1327 916 1388 iis
931 1327 987 1407 qui
1001 1324 1239 1405 recipiebantur
1252 1326 1286 1387 in
1301 1324 1462 1387 Ecclesiae
1477 1344 1564 1386 com-

358 1410 554 1482 munionem,
576 1410 746 1472 dicebatur
768 1408 858 1470 ‘dari
880 1427 947 1489 pax
959 1408 978 1470 '.
1022 1408 1130 1488 Atque
1151 1408 1236 1470 hunc
1258 1409 1443 1468 insensum
1463 1406 1564 1469 inter·

312 1516 344 1570 ις
357 1498 529 1571 pretantur
545 1491 638 1554 Pauli
654 1491 876 1562 salutationes,
894 1490 1033 1569 gratiam
1049 1495 1084 1552 et
1100 1509 1214 1569 pacem
1230 1488 1366 1550 subinde
1383 1494 1563 1568 precantes.

357 1572 392 1637 Si
409 1573 522 1654 legeris
539 1594 646 1635 meam
662 1575 698 1635 in
716 1571 837 1634 Lucam
856 1572 1093 1650 Paraphrasim,
1113 1570 1238 1633 videbis
1256 1589 1308 1631 me
1325 1571 1387 1632 tibi
1404 1571 1471 1632 iam
1489 1576 1562 1633 tum

358 1660 512 1735 ὁμόψηφον
533 1655 641 1718 inisse.
701 1654 860 1729 Quoniam
885 1660 996 1715 autem
1022 1654 1057 1715 in
1084 1652 1180 1714 coelis
1207 1671 1273 1713 non
1296 1657 1368 1714 erat
1391 1658 1562 1733 peccatum

357 1737 446 1818 quod
469 1737 634 1799 dirimeret
659 1737 845 1808 amicitiam,
870 1734 928 1798 sed
952 1740 1083 1797 tantum
1107 1733 1178 1795 laus
1202 1739 1237 1796 et
1261 1734 1439 1813 gratiarum
1464 1736 1561 1809 actio,

357 1819 463 1900 angeli
472 1825 594 1882 canunt
606 1817 778 1881 ‘Gloriain
790 1817 923 1880 excelsis
936 1815 1026 1878 Deo'
1040 1836 1047 1878 :
1069 1822 1232 1878 caeterum
1247 1817 1362 1896 (quia)
1377 1816 1562 1879 hominibus

309 1927 345 1977 40
357 1906 491 1964 venerat
509 1899 563 1963 ille
583 1901 639 1981 qui
659 1899 810 1979 pacificat
830 1899 939 1961 omnia
958 1918 1042 1978 quae
1061 1898 1097 1960 in
1116 1896 1213 1960 coelis
1233 1917 1381 1978 quaeque
1400 1899 1436 1960 in
1455 1899 1560 1971 terris,

357 1982 536 2044 aboliturus
547 1988 717 2062 peccatum
728 1981 852 2054 mundi,
864 2000 930 2061 pax
941 1980 1070 2043 canitur
1079 1980 1114 2041 in
1124 1980 1229 2042 terris.

397 2063 574 2136 Hactenus,
596 2064 720 2143 opinor,
742 2063 821 2125 mihi
840 2068 949 2125 tecum
970 2062 1143 2136 conuenit;
1176 2066 1302 2124 restant
1321 2061 1387 2124 duo
1406 2061 1559 2142 scrupuli,

356 2144 397 2206 de
412 2144 553 2207 dictione
592 2165 652 2206 uae
667 2144 748 2207 facit
763 2151 829 2206 tres
845 2150 954 2225 partes
970 2164 989 2206 e
1003 2144 1142 2216 duabus,
1156 2149 1191 2205 et
1207 2143 1247 2206 de
1266 2144 1502 2223 praepositione
1520 2152 1559 2207 ἐν.

356 2225 408 2287 Ex
422 2226 557 2306 Origene
623 2227 691 2288 tine
709 2245 803 2289 verso
821 2245 879 2306 per
895 2227 1106 2306 interpretem
1124 2245 1239 2306 parum
1259 2226 1462 2306 auspicatum
1480 2225 1562 2288 nihil

308 2332 342 2387 ⁴5
355 2307 487 2381 cuincis,
503 2308 566 2370 nisi
583 2329 625 2370 ex
641 2309 714 2388 ipss
727 2309 931 2371 enarratione
944 2308 1069 2389 liqueat
1084 2308 1164 2388 quid
1178 2307 1300 2387 legerit.
1337 2307 1384 2369 At
1398 2306 1464 2369 tale
1479 2307 1561 2370 nihil

354 2388 456 2451 habet
480 2389 570 2452 loeus
596 2391 654 2470 qui
679 2390 842 2471 profertur
867 2391 973 2471 primo
999 2389 1082 2453 libro
1109 2390 1254 2470 Origenis
1281 2395 1395 2451 contra
1420 2388 1558 2453 celsum.

355 2468 477 2534 Iocum
497 2473 583 2534 enim
603 2491 700 2553 quem
719 2471 819 2535 refers
838 2493 880 2534 ex
901 2471 1046 2552 Origene,
1066 2471 1175 2534 nescio
1194 2471 1281 2535 vnde
1300 2471 1466 2544 hauseris;
1499 2491 1559 2535 nee

354 2554 441 2616 enim
488 2555 640 2634 uinquam
665 2554 822 2617 habemus
847 2554 992 2635 origenis
1016 2554 1051 2616 in
1075 2553 1236 2615 decimum
1262 2558 1363 2632 caput
1386 2553 1558 2616 Matthaei.

353 2634 440 2698 Nam
465 2573 626 2700 homiliae
651 2655 735 2715 quae
759 2636 909 2699 feruntur
932 2636 1028 2699 huius
1054 2636 1183 2698 nomine
1207 2636 1243 2697 in
1267 2633 1400 2708 Lucam,
1426 2635 1558 2697 alterius

310 2743 342 2797 ςο
354 2717 522 2779 οαίοςᾶοιο
535 2738 604 2780 esse
617 2718 790 2792 videntur3
816 2724 851 2780 et
864 2724 976 2780 tamen
988 2716 1041 2780 ille
1054 2716 1143 2779 locus
1156 2717 1313 2779 hactenus
1327 2736 1386 2797 pro
1400 2736 1452 2780 me
1464 2716 1556 2792 facit,

353 2799 442 2880 quod
465 2800 544 2880 legit
570 2799 624 2862 ‘in
648 2800 853 2863 hominibus’
879 2799 994 2862 addita
1016 2800 1263 2880 praepositione,
1288 2804 1324 2862 et
1347 2798 1436 2878 quod
1459 2800 1557 2862 semel

354 2881 498 3025 appellat
515 2881 649 2962 ‘pacem
664 2882 769 2945 honae
784 2880 964 2944 voluntatis
977 2880 997 2942 '.
1034 2881 1106 2943 Hoc
1122 2881 1197 2944 vide
1213 2888 1252 2943 vt
1267 2882 1458 2943 memineris.

413 2983 466 3024 am
483 2984 525 3026 ex
541 2963 771 3043 chrysostomo
787 2969 954 3043 vtcunque
971 2982 1064 3025 vomo
1081 2962 1161 3106 qbugd
1178 2962 1327 3043 colligis?
1357 2962 1407 3026 De
1424 2963 1555 3026 distinc-

352 3044 442 3107 tione
467 3044 548 3106 nihil
573 3045 731 3117 meminit,
756 3044 836 3125 legis
862 3043 1068 3107 ‘hominibus
1136 3065 1198 3107 nae
1224 3044 1404 3107 voluntatis
1417 3045 1436 3107 '.
1484 3045 1557 3107 Imc

308 3150 339 3205 55
352 3124 434 3188 scias
448 3126 528 3188 haec
541 3125 642 3189 verba
656 3125 698 3188 ab
711 3127 888 3207 interprete
901 3126 1000 3189 inisse
1013 3125 1138 3189 addita.
1173 3126 1225 3190 Sic
1239 3127 1326 3188 enim
1338 3126 1441 3189 habet
1454 3126 1556 3190 codex

352 3205 493 3269 Graecus
506 3226 514 3269 :
539 3215 599 3275 τῶς
611 3211 642 3273 dd
655 3212 701 3271 καὶ
714 3214 742 3272 οἶ
759 3214 879 3292 ἄγγελοι
892 3212 999 3293 ἔλεγον,
1014 3212 1095 3283 Δόξα
1107 3216 1137 3273 ἐν
1149 3212 1279 3289 ὑψίστοις
1293 3215 1364 3292 Θεῷ,
1384 3213 1431 3273 καὶ
1445 3213 1490 3272 ἐπὶ
1503 3216 1557 3293 γῆς

350 3292 971 3452 crumenas
979 3290 1556 3453 semicinctiam

351 3450 617 3531 chrysostomum
644 3452 757 3533 legisse
785 3453 1060 3535 quemadmodum
1088 3473 1148 3516 nos
1176 3454 1343 3527 vertimus,
1374 3454 1555 3516 adscribam

304 3531 457 3607 fiolocnm
474 3555 516 3596 ex
533 3536 771 3598 commentariis
787 3537 822 3600 in
839 3535 1021 3617 Epistolam
1039 3536 1083 3597 ad
1100 3535 1310 3609 colossenses,
1328 3555 1393 3616 quc
1410 3535 1556 3599 declarat

350 3615 430 3679 hacc
440 3615 534 3679 Pauli
543 3616 655 3693 verba,
666 3616 676 3645 ‘
688 3616 762 3681 Siue
773 3638 856 3699 qnae
866 3619 902 3682 in
910 3624 1008 3692 terra,
1019 3618 1087 3680 sine
1099 3637 1183 3698 qnae
1194 3617 1230 3681 in
1241 3616 1336 3680 coelis
1349 3616 1357 3643 ’
1372 3637 1380 3690 ;
1405 3622 1462 3681 Διὰ
1470 3625 1555 3682 τοῦτο

351 3704 579 3781 ἀχαριστοῦντες
586 3704 716 3784 λέγομεν,
727 3703 844 3774 Adicis
851 3705 982 3783 ὑψίστοις
989 3705 1060 3783 Θεῷ,
1074 3705 1121 3765 καὶ
1129 3704 1176 3763 ἐπὶ
1184 3706 1237 3784 γῆς
1246 3704 1349 3780 εἰρήνη,
1360 3706 1390 3764 ἕν
1399 3703 1555 3781 ἀνθρώποις

350 3783 470 3845 ciconia
522 3782 603 3856 Ἰδού,
622 3787 706 3864 φησί,
727 3785 774 3846 καὶ
793 3786 935 3863 ἅνθρωποι
954 3787 1104 3864 ἐφάνησαν
1123 3788 1336 3863 ὥαριστοῦντες
1357 3785 1468 3847 λοιπόν.
1520 3787 1558 3846 Τι’

350 3870 429 3927 ἐστιν
443 3866 554 3928 εὐδοκία
563 3894 573 3937 3
594 3867 773 3945 καταλλαγή.
817 3869 918 3930 Οὐκέτι
927 3868 1099 3947 μεσότοιχον
1112 3872 1191 3928 ἔστιν
1205 3870 1221 3929 ὃ
1234 3867 1361 3944 οὕρανός.
1395 3864 1448 3926 Ad
1460 3864 1552 3938 haee,

303 3963 335 4021 σς
349 3944 611 4026 Theophylactus
625 3952 660 4009 et
672 3946 751 4027 legit
765 3953 799 4008 et
814 3947 1048 4028 interpretatur
1061 3947 1157 4009 iuxta
1173 3951 1319 4009 nostram
1337 3947 1532 4008 sententiam
1546 3968 1553 4020 ;

349 4045 462 4106 pacem
491 4029 576 4090 enim
605 4029 689 4091 hanc
717 4027 828 4091 volens
855 4028 992 4109 intelligi
1023 4028 1085 4091 Dei
1112 4028 1240 4102 Filium,
1270 4029 1311 4091 de
1339 4047 1405 4108 qno
1434 4027 1555 4090 Paulus

349 4109 468 4189 Ephes.
493 4127 523 4182 ο,
551 4109 646 4190 ‘Ipse
671 4117 722 4172 est
746 4130 812 4190 pax
836 4117 959 4185 nostra,
984 4111 1042 4191 qui
1068 4110 1149 4173 iecit
1173 4130 1214 4172 ex
1240 4110 1386 4190 utrisque
1418 4129 1519 4173 vnum
1532 4109 1553 4182 ’,

348 4191 479 4253 subiicit
496 4192 576 4254 hacc
588 4192 698 4265 verbu,
714 4198 784 4272 αὕτη
796 4196 845 4257 οὖν
858 4198 877 4273 ἦ
892 4196 986 4273 εἰρήνη
998 4197 1015 4256 d
1028 4197 1087 4259 υἱὸς
1099 4200 1150 4257 τοῦ
1163 4199 1236 4257 cccc
1251 4196 1297 4257 tsi
1312 4198 1365 4277 γῆς
1380 4197 1486 4277 γίγονε,
1507 4196 1554 4257 καὶ

349 4298 734 4427 offifflt'ffimxdrsg
752 4301 851 4353 hosce
868 4302 915 4349 esc
925 4301 959 4352 Η.
1037 4304 1080 4365 63.
1100 4297 1216 4365 ladrum
1228 4300 1264 4353 N.
1342 4302 1386 4364 64.
1404 4299 1554 4363 μισοτοιχόν

382 4492 422 4541 29.
440 4480 923 4546 antssnncsqninqne]1nhissccond
974 4481 1032 4532 into
1044 4479 1120 4533 three
1131 4485 1221 4547 partu
1239 4479 1272 4531 oi.
1285 4479 1313 4532 ll.
1322 4494 1367 4543 43,
1382 4493 1439 4531 122.

347 4544 487 4624 Responsio
501 4550 531 4595 tc
545 4545 604 4604 hoa,
619 4545 753 4611 Antwsrp,
768 4546 804 4598 hl.
821 4546 919 4606 Hillon,
1010 4558 1050 4663 ἱο.
1068 4546 1295 4613 chrysostomum]
1320 4545 1396 4597 Hom.
1420 4561 1444 4611 3.
1468 4561 1494 4611 4,
1517 4563 1552 4627 cn

347 4609 371 4660 Δ
435 4622 506 4725 ιὶξιο.
590 4677 596 4689 .
644 4673 652 4697 ι
824 4677 830 4689 .
973 4611 1012 4663 cc
1052 4626 1073 4663 1.
1093 4612 1552 4692 2031trssmushadfoundths

380 4677 422 4738 36.
462 4675 625 4753 araphraum
656 4675 920 4755 'Hmsstsmmpax
974 4693 1083 4744 passage
1110 4677 1187 4730 whrla
1214 4694 1261 4743 pra
1381 4678 1428 4755 the
1454 4678 1552 4731 second

346 4755 401 4791 non
425 4740 518 4792 mnndi
542 4740 589 4791 sed
698 4757 767 4806 quae
791 4748 920 4859 exnggqt
972 4741 1240 4795 editicnclhissacc
1290 4742 1550 4807 Rcepcaawtohes,

346 4820 578 4923 ecimus
586 4821 845 4924 staff
907 4812 921 4860 ⁶
973 4808 1064 4925 ²¹⁶³1¹¹¹
1089 4821 1248 4939 :dilen
1272 4887 1314 4925 20.

346 4950 421 5053 Man
438 4937 634 5004 chrysosmo]
662 4937 740 4989 Ηοιιι
767 4950 807 5002 35.
836 4952 858 4999 1,
885 4954 920 4990 on
1005 4912 1049 5003 65:
1065 4910 1288 5055 {teophylactus}
1301 4936 1534 5052 decraofirhnke.

391 5007 920 5134 ιξ’ἰίζὲἰιὸοῒὶοιιο]οίιΙιοιοιιὶοοοοῌοιιι)
972 5005 1373 5136 q,f,ff„ffl,2,ffissqgss
1473 5014 1548 5054 mun
