3534 5984
388 677 450 738 434
744 674 939 738 amare
961 673 1239 739 orassemus
1506 674 1604 755 [1526

388 843 527 923 cogitem
549 842 753 914 nonfacere,
777 841 830 904 vel
852 847 891 904 tu
915 840 1026 905 credas
1049 861 1101 903 me
1123 840 1228 903 iacere
1251 839 1345 913 nolle,
1370 839 1460 920 quod
1485 846 1602 903 tentus

388 931 557 1005 preceptor
570 943 591 985 a
603 931 673 985 tam
687 922 804 1004 pusillo
817 924 898 987 disci
921 923 977 986 nlo
990 923 1088 986 semel
1107 921 1274 1003 efflagitat.
1318 922 1414 995 Nam,
1430 928 1470 984 vt
1484 940 1601 985 vsmru

388 1008 422 1068 in
461 1026 524 1069 nus
544 1007 659 1078 fatear,
681 1005 812 1086 quando
833 1026 886 1068 me
899 943 1000 1068 lateri
1020 1011 1079 1067 tuo
1099 1005 1234 1067 iunxisti
1253 1009 1289 1066 et
1309 1004 1352 1066 ad
1373 1022 1511 1066 menum
1532 1024 1602 1066 esse

389 1108 431 1149 vo
444 1090 530 1161 nisti,
550 1088 711 1151 semestris
728 1087 786 1149 illa
803 1087 900 1149 lectio
920 1106 986 1167 qua
1004 1093 1112 1150 tecum
1132 1084 1303 1149 exercebar
1321 1092 1356 1147 et
1375 1084 1447 1147 aliis
1465 1087 1602 1148 interim

344 1186 377 1224 10
388 1172 525 1250 negotiis
538 1177 573 1232 st
582 1171 660 1231 iocis
672 1170 838 1231 litterariis
852 1169 1052 1231 assuefactus
1065 1188 1164 1241 eram,
1179 1168 1252 1249 plus
1265 1168 1344 1230 mihi
1358 1167 1485 1247 proluit
1499 1187 1600 1248 quam

389 1252 564 1314 multomm
578 1251 699 1331 alioqui
713 1270 870 1314 annorum
884 1250 1040 1313 studium.

428 1334 503 1395 Non
530 1334 662 1414 putabis
685 1334 784 1413 igitur
808 1351 859 1393 me
882 1332 988 1395 iecere
1011 1331 1106 1404 nolle,
1129 1330 1217 1412 quod
1238 1330 1436 1403 distuleram,
1459 1331 1520 1393 sed
1539 1351 1602 1393 nec

387 1415 560 1488 distulisse,
579 1415 687 1496 quoad
704 1413 809 1476 iacere
827 1421 985 1495 poteram.
1026 1414 1141 1475 Manus
1160 1432 1232 1475 mea
1249 1414 1362 1474 statim
1380 1419 1416 1474 et
1433 1412 1601 1492 quottidie

387 1497 537 1578 deinceps
556 1497 708 1559 volumen
726 1497 864 1576 arripere
882 1504 1000 1576 parata
1016 1496 1102 1568 iuit;
1141 1496 1199 1557 sed
1217 1494 1297 1575 quid
1314 1495 1417 1574 potui,
1437 1514 1514 1556 cum
1532 1514 1602 1557 non

343 1593 373 1646 ¹5
388 1578 515 1641 adesset
536 1599 595 1641 nec
618 1577 729 1641 haberi
750 1585 860 1658 posset
882 1578 939 1658 qui
961 1598 1087 1640 mecum
1109 1596 1176 1637 vna
1196 1575 1344 1657 legeret?
1388 1575 1474 1639 Seua
1496 1577 1602 1655 pestis

389 1664 440 1735 (vt
464 1667 571 1723 cetera
592 1662 733 1736 taceam
756 1660 806 1720 ita
827 1666 973 1721 nostram
997 1658 1227 1721 Achademiam
1252 1658 1294 1720 ab
1316 1659 1462 1738 ingressu
1486 1657 1602 1720 Martii

387 1744 532 1815 vexauit,
548 1749 587 1803 vt
600 1762 710 1804 omues
723 1740 789 1803 iere
803 1740 963 1803 scolastici
977 1740 1136 1822 lugerent,
1150 1742 1216 1801 ruri
1229 1760 1286 1802 sue
1297 1739 1394 1801 saluti
1405 1739 1602 1814 consulturi,

387 1843 446 1886 nec
467 1831 553 1887 esset
573 1824 661 1885 domi
681 1823 823 1902 reliquus
844 1842 941 1903 quem
963 1823 1031 1885 vlla
1051 1822 1196 1885 mercede
1218 1822 1296 1884 mibi
1317 1823 1494 1902 iungerem,
1518 1821 1602 1885 dum

386 1906 416 1967 le
456 1926 490 1968 re
516 1924 673 1986 pararem.
723 1905 869 1985 Denique
898 1924 971 1967 cum
999 1905 1101 1966 socios
1129 1911 1244 1965 nactus
1270 1922 1372 1965 essem
1399 1902 1537 1967 idoneos
1566 1911 1604 1967 et

341 1985 410 2048 tofi
433 1987 507 2059 eles,
540 1985 664 2048 nullum
696 1985 782 2048 diem
810 1987 939 2048 inanem
967 1985 1405 2067 ρωιοῑίαδὶροτωίὓωδαω,
1435 2004 1503 2065 quo
1531 2006 1603 2050 nou

387 2074 548 2147 quantum
560 2069 652 2130 licuit
664 2070 699 2129 iu
712 2068 773 2130 hoc
786 2069 917 2149 negotio
930 2068 1125 2148 perfecerim.

429 2149 469 2210 In
483 2168 548 2229 quo
561 2149 743 2231 peragendo
753 2150 838 2212 bunc
849 2150 994 2211 ordinem
1007 2150 1186 2213 obseruaui.
1229 2148 1314 2211 Illud
1328 2148 1494 2229 exemplar
1532 2151 1604 2213 uod

387 2231 421 2291 in
440 2238 552 2292 nostra
572 2231 664 2311 Regii
683 2231 813 2311 Collegii
833 2230 1030 2293 bibliotheca
1052 2231 1242 2303 custoditur,
1264 2229 1349 2291 solas
1370 2229 1413 2290 ad
1435 2229 1485 2291 Lu
1506 2232 1513 2245 '
1531 2232 1602 2294 'um

388 2312 551 2392 Epistolas
572 2311 681 2386 babet,
703 2319 738 2374 et
758 2332 813 2375 eas
834 2312 949 2379 itidem
972 2313 1073 2375 babet
1094 2311 1175 2374 illud
1198 2311 1350 2374 volumen
1373 2310 1506 2391 Oollsgii
1528 2312 1603 2376 diui

340 2407 372 2460 25
386 2392 476 2456 Petri
490 2414 498 2468 ;
525 2394 614 2474 quod
627 2394 670 2456 ab
683 2393 740 2454 illa
754 2393 950 2456 bibliotheca
963 2395 1071 2457 nescio
1085 2414 1151 2475 qua
1164 2394 1227 2455 uisi
1241 2395 1337 2455 vuius
1352 2393 1477 2455 Erasrm
1490 2396 1605 2475 gratia

387 2477 530 2538 mutuari
560 2476 756 2556 permisisset
782 2476 865 2537 seria
892 2476 1123 2538 seruandomm
1156 2472 1311 2537 librorum
1341 2494 1428 2549 cura,
1458 2476 1604 2555 priuatis

386 2560 486 2620 etiam
501 2558 625 2639 legibus
640 2558 778 2620 decreta.
816 2557 921 2637 Igitur
934 2557 1013 2619 dum
1028 2557 1189 2637 Epistolas
1204 2556 1247 2619 ad
1261 2556 1418 2620 Lucilium
1433 2576 1603 2637 percurro,

387 2660 540 2702 excusum
560 2661 581 2701 a
599 2638 757 2701 Frobsmo
774 2638 892 2701 libmm
909 2659 982 2700 cum
1000 2639 1127 2702 duobus
1142 2638 1205 2701 illis
1222 2640 1418 2720 peruetustis
1431 2639 1603 2705 codicibus

387 2721 526 2784 confero.
566 2720 635 2796 Qus
652 2722 791 2793 variant,
812 2720 891 2785 dum
913 2721 1109 2802 marginibus
1128 2719 1262 2796 ascribo,
1282 2720 1364 2783 duos
1383 2720 1511 2783 codices
1531 2724 1603 2785 suis

340 2818 374 2869 30
386 2804 435 2865 ita
448 2803 535 2864 uotis
545 2802 718 2883 distinguo,
734 2809 773 2863 vt
786 2801 874 2881 quod
887 2802 1020 2884 collegii
1030 2803 1123 2883 Regii
1135 2803 1287 2865 volumen
1302 2802 1397 2864 aliter
1406 2803 1519 2877 babet,
1534 2803 1601 2867 hac

385 2891 467 2945 nota
476 2884 675 2946 subindicem
685 2888 712 2956 θ,
724 2883 812 2963 quod
822 2904 899 2947 vero
913 2884 1065 2947 volumen
1075 2884 1161 2948 Colle
1183 2885 1202 2900 '⁸
1214 2884 1283 2945 diui
1293 2884 1391 2956 Petri,
1402 2884 1464 2946 bac
1474 2891 1603 2947 nota?

386 2965 449 3027 Vbi
472 2967 678 3028 consentiunt
701 2966 749 3027 illi
775 2966 841 3028 duo
869 2966 1004 3040 codices,
1032 2966 1089 3028 sed
1116 2987 1136 3028 a
1190 2964 1365 3028 robsniano
1387 2966 1600 3043 dimeutiunt,

386 3067 449 3127 que
472 3049 612 3121 variant,
636 3048 770 3119 ascribo,
794 3047 851 3109 sed
872 3054 986 3109 uotam
1003 3047 1125 3109 nullam
1144 3048 1238 3110 facio.
1288 3044 1401 3126 Neque
1419 3048 1601 3129 quicquam

386 3127 474 3208 quod
492 3148 630 3208 vsquam
648 3128 862 3208 discrepabat,
885 3130 988 3203 omisi,
1007 3131 1107 3209 siquis
1127 3130 1258 3191 omnino
1278 3149 1389 3191 sensus
1408 3129 1537 3203 inerat3
1563 3140 1601 3195 et

340 3222 371 3276 ³⁵
386 3228 573 3352 bdelli
587 3208 1081 3373 lliitffi‘ilzili
1087 3211 1468 3356 celeritati-ll
1476 3211 1600 3359 dil,

385 3372 462 3443 tuis,
476 3378 549 3433 tum
562 3392 603 3434 ne
617 3379 741 3434 careret
754 3392 890 3435 acumen
904 3374 992 3437 istud
1012 3375 1148 3448 Erasmi,
1170 3396 1236 3455 quo
1256 3377 1324 3436 vim
1342 3394 1434 3437 suam
1450 3385 1600 3440 exereret

386 3460 421 3515 et
439 3452 564 3516 leonem
587 3461 775 3534 agnosceret
792 3475 833 3516 ex
854 3474 969 3535 vngue.
1011 3457 1114 3518 Nouit
1135 3458 1221 3519 euim
1243 3477 1333 3519 mens
1353 3463 1413 3518 tua
1431 3457 1539 3519 lacera
1557 3478 1598 3522 ac

386 3535 503 3597 mutila
512 3536 613 3598 verba
622 3535 849 3615 redintegrare,
864 3538 993 3599 inuersa
1007 3538 1203 3611 coordinarc,
1220 3539 1429 3619 suppositicia
1444 3558 1482 3600 ac
1503 3539 1597 3604 adul·

339 3632 373 3682 40
385 3618 491 3760 tegna
509 3620 593 3680 veris
612 3638 650 3680 ac
670 3618 808 3699 propriis
822 3626 958 3692 mutare,
974 3626 1040 3681 ete
1055 3620 1151 3682 nullis
1167 3620 1313 3683 sensibus
1327 3640 1438 3683 seusus
1451 3622 1598 3702 integros

386 3719 403 3761 e
438 3719 518 3762 cere.

427 3781 522 3844 Hauc
541 3783 651 3844 iudicii
678 3782 738 3855 tui,
762 3782 863 3843 immo
883 3784 1029 3846 vaticinii
1054 3784 1225 3865 plusquam
1250 3783 1335 3846 Delii
1355 3790 1414 3846 aut
1434 3784 1598 3865 Sybillini,

386 3870 630 3941 presentaneam
646 3864 713 3924 vim
729 3869 882 3943 expertus
897 3885 996 3939 eram,
1013 3866 1144 3947 quaudo
1158 3873 1266 3929 tecum
1281 3867 1349 3945 ipse
1364 3865 1482 3929 Seneca
1495 3866 1598 3930 libros

419 4117 443 4165 9.
462 4104 595 4156 semestris
607 4102 654 4153 illa
666 4102 754 4166 lectio]
767 4103 870 4168 During
885 4117 964 4169 ¹5¹²·
1013 4103 1214 4156 membranaceo
1230 4104 1302 4171 quod
1317 4104 1370 4156 luit
1386 4106 1506 4171 magistri
1522 4107 1597 4159 Wes-

388 4182 437 4232 r3;
464 4185 507 4221 sce
526 4169 595 4236 Epp.
615 4171 708 4231 2⁶3-4·
727 4183 820 4234 270-1,
838 4184 897 4234 273,
914 4173 960 4222 281
1013 4169 1355 4249 sabomningsnsiacuius
1366 4172 1421 4222 iam
1433 4187 1598 4251 possessores

385 4233 732 4378 mlsffliellssssmma
746 4300 856 4352 meinos
871 4300 899 4352 οε
913 4300 963 4351 001-
1013 4235 1125 4379 iffi
1156 4236 1372 4367 meoli..
1387 4241 1485 4354 effi
1515 4237 1598 4358 missu&

386 4363 470 4415 latrou
490 4364 654 4481 ersadrng
673 4364 754 4444 cloud
774 4366 818 4428 (ci.
838 4365 866 4416 ll.
886 4367 965 4444 ⁶⁶59)
1014 4366 1126 4445 dixerim
1145 4373 1277 4445 qnantum
1295 4367 1413 4420 laborem
1431 4368 1497 4419 mihi
1515 4385 1596 4435 pepa-

385 4444 514 4573 *mli
542 4428 817 4573 sibilabit*
858 4437 965 4548 ”ill
1013 4431 1530 4617 armigeratum}
1542 4437 1597 4618 ἓξὲξ

385 4559 595 4692 ἷέἔᾚῗζῗ.
609 4560 966 4704 &liubizici
1015 4579 1240 4693 &iffi
1253 4566 1473 4694 l⁰¹f¹i2¹ii¹²²
1494 4567 1528 4618 ⁰¹·
1566 4584 1595 4637 Ρ·

385 4689 496 4757 Gospels
509 4691 622 4757 (Eraug.
636 4694 681 4753 90)
694 4691 965 4745 ruthsAmsterdam
1081 4695 1172 4760 pestis]
1185 4695 1219 4746 In
1233 4695 1274 4747 his
1313 4696 1390 4747 escle
1404 4697 1433 4762 os
1445 4696 1596 4764 Cambridge

385 4757 541 4822 University
554 4757 665 4835 Library
677 4756 740 4817 (111.
755 4755 785 4809 Γ.
797 4760 843 4822 28)
856 4758 905 4810 bas
918 4759 964 4811 the
1014 4760 1031 4820 i,
1054 4763 1126 4824 1842,
1146 4777 1172 4828 p.
1192 4776 1251 4826 324,
1269 4761 1297 4813 O.
1317 4761 1352 4812 Η.
1371 4762 1472 4828 Coeper
1488 4766 1596 4818 rccords

385 4822 519 4888 following
527 4825 682 4888 inscription
690 4820 780 4888 bytho
789 4824 861 4876 band
870 4825 898 4876 ol
906 4825 962 4877 Jas.
1015 4826 1076 4877 that
1100 4828 1128 4878 in
1155 4830 1219 4892 1526
1244 4828 1339 4878 Eastcr
1362 4832 1431 4878 term
1455 4844 1509 4879 was
1533 4846 1594 4894 pro-

385 4888 472 4940 Faber
480 4890 653 4967 oi'Dcvantcr
661 4888 721 4954 (Ep.
735 4892 808 4957 174):
829 4890 965 4953 ‘Qantuor
1013 4892 1112 4971 rogusd
1125 4893 1167 4944 till
1179 4894 1225 4945 the
1237 4907 1349 4944 morrow
1362 4893 1404 4952 (28
1419 4893 1492 4958 May)
1505 4893 1533 4943 oi
1545 4896 1595 4949 tbe

385 4953 964 5089 lteifflttltlltstll
1013 4957 1089 5087 ”3¹3
1131 4957 1454 5090 melitii?
