3534 5984
365 703 424 765 144
718 705 913 770 ammas
934 705 990 769 01⁴¹
1011 704 1211 769 ERASMUS
1473 706 1567 781 [1525

319 870 483 938 sonedum
504 870 686 933 cardinaleo
706 872 804 933 choro
821 878 856 934 et
872 870 1084 933 venerabilior
1104 877 1138 932 et
1154 870 1309 932 illustrior
1328 891 1496 951 appareas,
1518 870 1570 931 vel

364 952 429 1015 mei
447 953 566 1032 ingenii
585 960 738 1015 naturam
756 954 972 1033 fortunaeque
992 953 1152 1014 miseriam
1172 953 1316 1032 prodere.
1361 953 1447 1014 Illud
1468 972 1570 1014 vnum

365 1034 444 1095 mihi
464 1036 526 1095 erit
546 1035 626 1096 satis
644 1040 804 1097 testatum
821 1035 955 1097 fecisse:
986 1041 1255 1115 quantweunque
1276 1036 1355 1096 mihi
1375 1036 1571 1097 accessiones

365 1115 446 1178 fient
466 1122 500 1177 et
519 1117 671 1179 fortunae
691 1124 726 1178 et
746 1117 925 1197 dignitatis,
947 1137 1002 1178 eas
1022 1117 1158 1196 ingenue
1180 1116 1356 1196 profitebor
1374 1137 1425 1178 me
1442 1136 1571 1197 sperare

366 1217 534 1277 nunquam
554 1199 708 1278 potuisse,
728 1200 791 1260 nisi
810 1205 871 1260 tua
891 1199 967 1260 olim
992 1197 1223 1260 consuetudine
1247 1219 1324 1260 vsus
1347 1219 1449 1260 essem
1470 1205 1570 1278 atque

321 1300 353 1351 35
366 1279 499 1342 consilia
523 1287 739 1361 preceptaque
764 1288 824 1343 tua
849 1281 1055 1342 audiuissem.
1103 1279 1188 1354 Quin
1207 1282 1284 1353 imo,
1306 1286 1345 1341 vt
1370 1283 1436 1342 tuis
1455 1280 1568 1360 lepori·

366 1362 438 1435 bus,
463 1364 685 1424 amoenissima
709 1363 851 1435 Erasme,
876 1364 959 1424 serio
981 1362 1203 1441 respondeam,
1227 1363 1255 1423 si
1278 1362 1449 1424 cardinalis
1469 1382 1571 1423 essem

366 1444 1572 1606 23⁰‘fttlltllitldtl'lbtellsattitulantes&

368 1607 462 1669 fores.
504 1608 647 1669 Tantum
669 1609 762 1669 abest
783 1615 821 1669 vt
841 1614 936 1669 tuum
957 1607 1180 1668 charissimum
1200 1628 1318 1669 nomen
1339 1608 1405 1668 vllo
1425 1628 1572 1670 successu

322 1689 447 1763 4omihi
470 1709 614 1769 unquam
638 1689 781 1751 vilescat.
827 1688 997 1751 Verbosior
1018 1689 1156 1750 fortasse
1179 1690 1239 1751 hac
1263 1696 1355 1769 parte
1377 1689 1439 1750 tibi
1462 1689 1574 1752 videor

368 1790 467 1850 quam
485 1791 536 1832 res
553 1771 721 1850 postulat;
751 1772 807 1832 sed
825 1770 888 1832 dici
906 1770 1002 1832 nullis
1020 1771 1127 1832 verbis
1144 1778 1254 1851 potest
1271 1792 1370 1851 quam
1388 1773 1517 1851 cupiam
1536 1777 1574 1831 vt

369 1872 476 1913 meam
493 1853 562 1913 sinc
575 1853 780 1914 dubitatione
794 1853 933 1932 accipias
946 1855 1196 1925 excusationem,
1212 1860 1310 1933 atque
1328 1854 1472 1915 animum
1489 1854 1573 1931 Lup-

369 1934 432 1995 seti
453 1953 528 1994 vere
549 1935 609 2006 tui,
631 1936 700 1996 siue
720 1941 830 1996 taceat
851 1937 920 1996 siue
940 1934 1103 2015 loquatur,
1126 1955 1280 2015 agnoscas
1302 1955 1403 2015 aeque
1424 1936 1486 1997 tibi
1507 1954 1575 1995 esse

370 2014 518 2076 deditum
547 2021 646 2094 atque
674 2018 874 2096 gratissimus
903 2018 1039 2097 quisque
1067 2017 1242 2097 discipulus
1271 2019 1425 2097 magistro
1454 2018 1575 2096 optime

225 2098 229 2107 '
325 2115 356 2170 45
371 2097 487 2158 merito
496 2096 703 2176 autinclytus
712 2098 835 2177 pietate
843 2098 928 2160 iilius
937 2118 1013 2179 erga
1023 2104 1191 2178 parentem
1203 2119 1271 2160 esse
1282 2100 1385 2178 possit
1397 2118 1434 2160 ac
1446 2097 1573 2160 debeat.

412 2177 462 2239 De
483 2177 644 2240 Francisci
664 2179 799 2241 Asulani
818 2180 958 2260 indignis
979 2181 1133 2242 aduersus
1154 2187 1188 2242 tc
1209 2182 1351 2243 moribus
1372 2180 1478 2242 multa
1497 2180 1576 2241 mihi

370 2258 479 2320 forent
491 2260 669 2333 scribenda,
683 2263 746 2323 nisi
758 2282 797 2323 ea
809 2263 920 2324 omnia
932 2283 973 2324 ex
985 2269 1045 2324 tuo
1057 2262 1181 2334 Oarolo,
1196 2264 1252 2341 qui
1266 2264 1354 2324 omni
1366 2263 1498 2342 negocio
1511 2281 1577 2323 uon

370 2340 520 2402 interfuit
535 2341 639 2403 solum
655 2343 712 2404 scd
728 2344 832 2406 multa
847 2345 948 2405 etiam
963 2345 997 2406 in
1013 2364 1052 2405 eo
1067 2345 1179 2424 grauia
1195 2343 1394 2423 molestaque
1409 2362 1577 2424 perpessus

372 2427 432 2496 est,
457 2422 584 2484 facilius
608 2430 642 2485 et
666 2424 791 2504 plenius
815 2445 1005 2506 cognoscere
1029 2445 1138 2505 posses
1162 2445 1262 2505 quam
1286 2447 1327 2488 ex
1352 2426 1430 2487 meis
1454 2425 1577 2495 literis;

329 2524 414 2580 5001
434 2504 548 2566 eodem
569 2506 670 2567 etiam
691 2526 775 2586 quae
797 2527 817 2569 a
838 2528 890 2569 me
912 2508 953 2569 de
975 2507 1130 2569 Richardi
1151 2508 1247 2569 Pacci
1267 2514 1302 2569 et
1324 2506 1487 2587 Raynoldi
1508 2505 1578 2567 Peli

373 2592 473 2728 atque
490 2606 562 2649 meo
578 2594 669 2649 statu
685 2589 857 2669 significari
872 2590 934 2651 tibi
951 2590 1116 2663 deberent,
1133 2609 1242 2651 coram
1260 2589 1374 2651 melius
1391 2589 1537 2668 accipies.

442 2688 514 2729 orro
532 2668 647 2729 Polum
665 2671 743 2748 quia
759 2669 821 2731 tibi
840 2671 946 2731 minus
963 2677 1078 2732 notum
1096 2691 1164 2733 esse
1182 2671 1331 2743 arbitror,
1350 2671 1390 2733 de
1407 2671 1476 2731 eius
1493 2671 1528 2731 in
1545 2674 1579 2729 te

374 2768 483 2812 amore
509 2750 780 2832 obseruantiaque
805 2752 886 2813 illud
912 2753 1028 2814 testari
1052 2752 1138 2825 vole,
1165 2752 1245 2813 nihil
1273 2773 1293 2813 a
1319 2772 1484 2832 quoquam
1509 2758 1580 2812 tam

375 2830 543 2911 magnifice
566 2833 629 2893 dici
652 2853 745 2911 posse
767 2835 847 2913 quin
868 2834 904 2895 id
925 2835 994 2895 eius
1016 2853 1093 2913 erga
1113 2840 1148 2895 te
1170 2834 1316 2895 studium
1338 2841 1373 2896 et
1395 2834 1581 2895 humanitas

332 2932 362 2985 55
374 2920 550 2994 exuperet;
580 2914 614 2974 id
632 2916 720 2993 quod
737 2935 812 2976 cum
828 2917 863 2976 in
880 2916 1078 2994 quotidianis
1095 2916 1263 2978 nobiscum
1280 2915 1490 2988 sermonibus,
1508 2920 1581 2977 tum

374 2996 409 3057 in
424 2996 513 3057 omni
527 2994 598 3056 loco
613 3003 648 3057 et
663 2997 844 3076 principum
859 2997 1028 3058 hominum
1043 2997 1210 3077 colloquiis
1223 2998 1290 3059 iam
1305 2997 1362 3059 diu
1378 3004 1581 3078 perspectum

375 3082 411 3137 et
423 3075 628 3155 exploratum
641 3078 755 3139 habeo.
791 3078 876 3140 Nam
890 3084 925 3139 te
937 3079 1048 3152 inscie,
1064 3079 1206 3152 Erasmc,
1221 3100 1382 3158 nusquam
1396 3100 1461 3141 non
1476 3081 1582 3160 agitur

377 3158 429 3219 hic
455 3164 515 3219 tua
539 3177 647 3231 causa,
674 3159 755 3221 adeo
781 3160 901 3239 vbique
927 3162 1072 3239 patronis
1097 3160 1230 3240 indiges.
1278 3161 1375 3224 Polus
1401 3168 1511 3224 autem
1537 3161 1582 3221 sic

378 3258 509 3301 causam
519 3247 613 3300 tuam
623 3259 748 3321 semper
758 3243 827 3321 agit
838 3248 876 3302 vt
886 3260 982 3303 nemo
995 3242 1115 3303 maiore
1129 3242 1239 3304 studio
1251 3251 1309 3305 aut
1320 3246 1440 3305 maiore
1451 3249 1581 3305 conten·

331 3330 367 3379 60
377 3321 467 3383 tione
478 3340 571 3401 agere
584 3323 687 3400 possit
701 3345 709 3396 ;
732 3325 823 3384 cuius
837 3323 1016 3386 orationem
1031 3324 1122 3384 varia
1131 3324 1281 3398 eruditio,
1292 3325 1451 3387 facundus
1461 3324 1582 3403 lacpor,

377 3403 556 3482 spectanda
579 3404 733 3483 grauitas,
759 3411 831 3466 tum
856 3406 920 3466 oris
944 3404 1114 3485 singularis
1137 3406 1298 3468 modestia
1321 3413 1356 3468 et
1379 3407 1525 3486 probitas
1549 3406 1584 3466 in

378 3485 523 3546 omnium
542 3486 599 3565 qui
618 3485 756 3548 audiunt
774 3486 1022 3549 admirationem
1041 3488 1203 3550 adornant
1217 3495 1252 3550 et
1266 3488 1432 3550 condiunt.
1469 3486 1583 3548 Adole-

379 3584 471 3629 scens
496 3568 628 3647 quidem
652 3588 779 3649 semper
798 3570 919 3631 eximia
939 3589 995 3648 spe
1019 3590 1228 3650 sumquuo
1249 3571 1382 3631 virtutis
1401 3570 1476 3642 fuit,
1499 3589 1585 3630 nunc

380 3655 491 3710 autem
506 3669 573 3711 non
588 3656 719 3712 tantum
735 3672 867 3713 suorum
883 3652 1103 3731 expectationi
1118 3654 1198 3714 satis
1213 3652 1301 3725 fecit,
1318 3651 1374 3713 sed
1387 3651 1479 3730 longe
1496 3670 1585 3730 spem

334 3738 366 3800 65
381 3732 526 3793 omnium
544 3734 722 3812 superauit.
766 3733 881 3814 Cogita
900 3735 988 3796 enim
1009 3735 1101 3796 cuius
1122 3736 1167 3796 sit
1189 3734 1290 3813 (quod
1309 3753 1405 3796 nemo
1421 3739 1454 3796 te
1472 3734 1586 3795 melius

380 3814 557 3877 discernere
572 3820 684 3894 queat)
701 3822 776 3879 ante
791 3817 982 3896 vigesimum
994 3816 1156 3895 quintum,
1166 3835 1262 3896 quem
1271 3836 1357 3879 nunc
1372 3817 1449 3896 agit,
1465 3833 1587 3877 annum

379 3896 589 3976 completum,
611 3898 672 3960 sub
691 3900 822 3978 optimis
843 3898 1085 3978 preceptoribus
1107 3899 1153 3975 (in
1174 3917 1312 3978 quorum
1333 3918 1468 3960 numero
1488 3898 1586 3976 Laty-

381 3996 498 4051 merus,
530 3979 677 4059 Lynacer
705 3988 740 4042 et
770 3980 927 4043 Ieomcus
957 3979 1101 4059 precipui
1131 3980 1233 4057 fuere)
1265 3981 1420 4061 quicquid
1451 3979 1589 4042 habetur

381 4058 564 4121 Aristotelis
584 4061 755 4142 diligenter
775 4063 942 4135 euoluisse,
967 4061 1114 4123 Platonis
1137 4062 1218 4124 item
1243 4082 1309 4124 non
1335 4064 1445 4124 omnia
1470 4062 1591 4140 scripta

337 4157 371 4207 70
381 4140 486 4201 solum
504 4141 732 4219 perlectitasse,
751 4145 808 4206 scd
825 4145 925 4206 etiam
942 4143 1018 4205 inde
1036 4162 1162 4204 morum
1179 4150 1214 4205 et
1232 4145 1332 4205 animi
1348 4143 1499 4205 stabilem
1516 4162 1590 4203 con·

381 4227 589 4301 stantemque
600 4230 714 4286 contra
725 4245 836 4287 omnes
846 4226 997 4287 fortunae
1008 4229 1208 4305 naturaeque
1219 4225 1272 4286 vel
1283 4245 1376 4287 casus
1387 4224 1440 4286 vel
1449 4225 1591 4303 impetus

382 4302 610 4364 certitudinem
642 4312 677 4367 et
708 4307 980 4387 tranquillitatem
1012 4325 1152 4386 parasse,
1184 4307 1399 4386 familiarique
1431 4325 1507 4366 vsu¹⁴
1523 4305 1591 4366 eius

418 4536 459 4586 34
478 4524 542 4574 olim
577 4524 778 4586 consuetudine]
814 4526 851 4577 At
887 4527 962 4580 Cem-
1044 4528 1085 4592 67.
1105 4543 1182 4594 prece
1201 4528 1315 4591 toribus]
1333 4527 1453 4581 Another
1473 4528 1500 4580 of
1520 4528 1594 4579 these

384 4587 494 4655 bridge:
515 4590 649 4654 seeEpz
686 4594 746 4641 .6o.
1013 4594 1112 4645 ΜΒ.
1128 4594 1178 4647 We
1208 4594 1326 4661 eldfflp.
1343 4610 1414 4660 1311.
1428 4598 1492 4658 44n)
1506 4595 1593 4645 whom

420 4665 459 4719 50.
479 4654 626 4715 Pacei]See
660 4670 685 4720 p.
699 4669 771 4720 1594
784 4671 842 4722 79n.
1014 4660 1107 4725 Henry
1130 4674 1183 4712 vm
1205 4662 1352 4726 appointed
1376 4666 1406 4712 to
1429 4659 1507 4712 taaoh
1532 4658 1594 4709 Pole

453 4718 728 4799 Poli18eeEp.1627.
1015 4725 1146 4777 Hebrew:
1188 4742 1232 4777 see
1265 4727 1411 4779 Wakfeld's
1445 4725 1532 4777 Oratio
1563 4722 1594 4773 de

421 4787 460 4849 58.
480 4790 528 4837 tus
549 4782 640 4846 causa]
662 4786 808 4853 Evidently
829 4788 964 4839 Erasmus'
1012 4791 1135 4842 laudabas
1166 4793 1246 4844 trium
1279 4794 1437 4858 lemurum.
1473 4787 1593 4846 London,

385 4851 502 4916 position
518 4852 546 4902 in
562 4851 608 4901 the
624 4852 747 4918 religione
762 4852 922 4904 dissensibus
939 4854 967 4903 of
1015 4857 1055 4908 W.
1069 4856 1103 4906 de
1113 4856 1219 4918 Worde,
1231 4860 1294 4920 (cr
1316 4861 1375 4920 24),
1385 4856 1417 4906 f0.
1431 4856 1502 4905 sva.

387 4916 434 4967 tbe
450 4916 504 4983 day
521 4933 576 4968 was
593 4917 674 4968 much
690 4916 814 4969 debated
851 4918 915 4969 Pole
931 4934 968 4969 no
1048 4923 1124 4986 67-8.
1143 4872 1313 4989 Latymerusl
1323 4923 1370 4973 See
1380 4922 1429 4984 Ep.
1440 4933 1497 4983 207.
1509 4932 1567 4967 2211.

387 4981 474 5034 doubt
485 4983 617 5034 defended
628 4982 684 5034 him
696 4983 802 5049 against
813 4983 859 5034 tbe
872 4984 968 5050 charge
1050 4988 1091 5037 68.
1111 4987 1242 5052 Lynaoer]
1257 4988 1303 5039 See
1317 4988 1366 5051 up.
1384 4986 1439 5035 118.
1455 4998 1470 5033 2

388 5048 416 5099 of
429 5048 508 5115 being
520 5049 548 5099 in
561 5048 706 5116 sympathy
719 5048 785 5101 with
798 5048 907 5100 Luther.
1084 5051 1224 5115 hunicus]
1238 5052 1286 5104 See
1299 5052 1349 5116 Ep.
1366 5062 1439 5113 ¹479·
1458 5062 1467 5099 1
1526 5087 1531 5099 .
