3534 5984
296 663 299 667 ⁴
383 676 446 736 414
743 672 936 736 LETTERS
958 672 1013 735 OF
1034 670 1236 734 ERASMUS
1511 669 1605 749 [1526

382 839 462 901 Mihi
488 836 708 918 congruebant
732 836 823 900 lutea
835 858 843 910 ;
881 836 939 899 sed
963 837 1043 899 haec
1068 841 1161 898 eraut
1187 835 1285 917 digna
1310 841 1369 898 tuo
1396 855 1478 899 vere
1506 856 1603 899 aureo

381 921 510 1001 ingenio
532 920 739 1000 moribusque
761 918 1005 982 candidissimis.
1050 918 1165 980 Habeo
1187 918 1276 998 quod
1297 922 1490 991 ostentem3
1527 938 1601 980 nam

338 1032 370 1071 10
381 1009 478 1065 erunt
502 1001 648 1064 fortassis
673 1002 730 1081 qui
754 1000 976 1063 cassabuntur
1000 1000 1132 1081 vulgare
1155 1000 1221 1062 iam
1246 1020 1315 1062 esse
1338 999 1460 1062 litteris
1488 999 1602 1063 eiierrc

382 1084 569 1165 quemlibet.
607 1083 653 1145 At
669 1083 801 1164 vulgare
816 1103 882 1145 non
897 1089 948 1146 est
962 1082 1043 1145 talia
1058 1083 1187 1145 mittere
1203 1101 1359 1145 munera:
1386 1100 1448 1162 pro
1466 1082 1600 1163 quibus,

382 1168 433 1229 vir
449 1165 632 1238 clarissime,
650 1185 762 1246 quum,
780 1172 819 1226 vt
835 1164 947 1238 debeo,
966 1166 1141 1227 maximam
1158 1163 1297 1226 habeam
1313 1164 1467 1244 gratiam,
1486 1170 1601 1227 tamen

381 1268 448 1311 non
466 1249 622 1310 minorem
640 1248 755 1320 habeo,
774 1247 862 1327 quod
881 1247 1040 1309 autoritas
1058 1252 1118 1308 tua
1134 1265 1253 1308 nomen
1270 1252 1419 1308 nostrum
1437 1246 1600 1309 aduersus

382 1329 585 1411 quomndam
612 1330 695 1391 male
720 1329 916 1409 linguacium
942 1328 1119 1390 calumnias
1145 1327 1333 1390 defenderit.
1382 1327 1456 1403 Quo
1485 1334 1600 1391 tamen

338 1439 367 1491 ις
382 1413 486 1474 officio
509 1432 573 1474 non
598 1431 649 1473 me
672 1410 776 1472 solum
799 1410 861 1473 tibi
884 1409 1070 1483 deuinxisti,
1095 1410 1152 1472 sed
1175 1429 1286 1471 omnes
1308 1410 1408 1471 ctiam
1433 1410 1599 1473 bonarum

381 1493 563 1637 literarum
581 1492 752 1555 studiosos.
795 1492 957 1554 Aduersus
976 1492 1035 1554 has
1053 1491 1281 1572 belligerantur
1298 1492 1355 1571 qui
1373 1492 1461 1553 male
1480 1492 1601 1556 volunt

428 1595 528 1637 asmo.

422 1658 499 1719 Tuis
525 1657 674 1736 auspiciis
700 1656 824 1736 Lingua
848 1663 961 1718 nostra
985 1656 1049 1719 fuit
1073 1654 1172 1727 feli13
1210 1654 1386 1716 Frobenius
1411 1653 1601 1719 felicissime

382 1739 540 1811 vendidit,
560 1758 662 1818 quum
680 1740 746 1800 iam
766 1745 817 1801 ter
835 1737 1012 1800 excuderit.
1054 1738 1099 1799 Et
1117 1736 1248 1799 interim
1267 1755 1287 1797 a
1306 1735 1418 1797 multis
1438 1736 1516 1801 aliis
1535 1738 1601 1801 fuit

336 1841 509 1887 coexcusa.
546 1820 617 1881 Hoc
630 1840 697 1881 non
710 1820 972 1894 fuissetiactum‚
987 1820 1049 1882 nisi
1063 1817 1173 1880 multis
1186 1818 1369 1897 placuisset.
1404 1816 1499 1881 Bene
1513 1821 1599 1883 vale.

422 1903 546 1964 Datum
568 1902 713 1963 Basileae
734 1902 888 1981 postridie
909 1901 1036 1964 Natalia
1056 1901 1188 1981 virginis
1208 1900 1331 1962 matris.
1374 1897 1473 1962 Anno
1496 1900 1600 1965 Mille·

381 1984 463 2045 simo
477 1985 734 2064 quingentesimo
749 1985 903 2064 vigesimo
916 1990 1019 2046 sexto.

670 2205 826 2272 ¹⁸⁶¹1753.
872 2204 927 2270 To
949 2204 1117 2270 Aunnuw
1140 2204 1300 2271 Cnrmus.

418 2360 496 2431 Opus
509 2359 702 2430 Epistolarum
714 2376 742 2431 p.
756 2363 819 2429 851.
1366 2357 1459 2415 Baale.

417 2447 452 2503 N.
466 2464 494 2518 p.
507 2450 559 2516 813
573 2468 580 2502 ε
604 2448 693 2504 lond.
708 2448 766 2504 xxi.
777 2448 833 2517 64:
858 2446 915 2502 LB.
928 2450 944 2502 8
947 2447 990 2516 36.
1270 2445 1465 2516 oseptember
1479 2452 1563 2519 1526.

381 2609 534 2655 ERASMVS
552 2609 801 2654 norumnsuvs
818 2607 981 2652 ANDBEAE
999 2607 1123 2664 catum,
1142 2607 1303 2653 urlacoro
1320 2608 1498 2667 rmonnsl,
1518 2612 1547 2659 8.
1563 2614 1599 2659 D.

423 2700 654 2763 omnesne
686 2699 827 2772 Praesul‚
859 2718 961 2778 quum
989 2697 1041 2759 hic
1069 2703 1309 2781 γραμματοφόρος
1339 2698 1425 2761 forte
1454 2700 1599 2767 fortuna

379 2782 494 2845 hriseet
507 2783 646 2856 oblatus,
660 2780 757 2862 relegi
770 2788 863 2843 tuam
877 2780 1048 2860 epistolam
1058 2786 1094 2842 et
1102 2780 1263 2861 prolixam
1273 2786 1308 2843 et
1318 2784 1512 2865 αὐτόγραφον,
1529 2805 1600 2850 non

380 2871 449 2927 tam
468 2869 508 2926 vt
525 2863 760 2944 responderem,
779 2882 881 2943 quum
900 2861 981 2924 nihil
998 2861 1132 2924 'daretur
1150 2862 1222 2937 ocii,
1238 2882 1338 2943 quam
1353 2868 1393 2925 vt
1406 2882 1481 2927 eam
1498 2868 1595 2930 volu-

378 2952 506 3026 ptatem
519 2965 618 3026 quam
631 2946 727 3007 initio
745 2965 785 3007 ex
803 2965 915 3007 earum
933 2943 1071 3007 lectione
1089 2963 1268 3025 coeperam,
1288 2945 1367 3007 mihi
1385 2965 1595 3025 renouarem,

350 3048 363 3103 ς
377 3027 473 3089 simul
485 3028 565 3089 etin
576 3027 772 3089 valetudinis
784 3033 819 3089 et
829 3026 978 3089 laborum
990 3032 1024 3088 et
1036 3025 1183 3105 publicae
1194 3028 1400 3107 tempestatis
1411 3028 1570 3093 solatium
1587 3053 1595 3107 ;

377 3116 455 3172 sunt
465 3110 551 3170 enim
563 3108 708 3171 eruditae
719 3115 754 3170 et
765 3108 885 3170 alacres
897 3115 932 3170 et
942 3107 1108 3170 candidae.
1141 3107 1268 3172 Sentias
1278 3108 1345 3171 illio
1355 3109 1465 3171 Musas
1475 3129 1595 3177 omnes

377 3191 566 3252 coniunctas
581 3211 650 3252 esse
666 3210 740 3251 cum
757 3189 887 3251 Gratiis.
926 3190 966 3251 In
981 3191 1123 3253 carmine
1138 3191 1260 3270 pariter
1275 3197 1375 3272 atque
1390 3192 1425 3252 in
1441 3195 1595 3258 oratione

376 3271 485 3333 soluta
525 3271 633 3334 robari
651 3290 710 3332 nec
729 3270 874 3333 Ciceroni
892 3273 1038 3352 contigit.
1079 3272 1129 3340 uu
1148 3273 1192 3334 sic
1211 3273 1326 3353 pangis
1345 3292 1474 3335 carmen
1493 3280 1595 3356 quasi

376 3352 456 3414 nihil
479 3291 568 3414 allud
591 3372 689 3431 agas;
723 3352 770 3414 sic
791 3353 877 3414 texis
900 3355 1079 3415 orationem
1101 3353 1235 3416 liberam
1258 3360 1307 3428 vt,
1331 3373 1522 3435 quanquam
1547 3359 1593 3422 ad

332 3459 364 3496 ro
376 3435 562 3496 historicam
584 3433 819 3497 sublimitatem
841 3453 980 3577 maurgin
1013 3434 1094 3497 nihil
1116 3442 1227 3497 tamen
1249 3436 1419 3516 obstrepat
1440 3440 1593 3517 poeticae

375 3515 534 3579 licentiae.
576 3516 647 3592 Quo
663 3536 740 3579 vero
759 3517 862 3597 magis
879 3515 921 3578 de
955 3535 1027 3578 oras
1046 3523 1081 3579 te
1099 3516 1253 3579 alitteris
1271 3518 1591 3598 quibustibinatus

290 3601 293 3608 '
376 3598 504 3673 videris,
522 3599 565 3661 ad
581 3600 723 3679 episcopi
739 3619 857 3661 munus
872 3598 983 3679 reique
1003 3598 1152 3679 publicae
1171 3598 1353 3662 fimetiones
1373 3606 1591 3681 pertractum,

375 3681 436 3744 hoc
464 3701 522 3743 nos
550 3681 725 3762 impensius
752 3680 954 3763 gratulamur
980 3681 1051 3743 orbi
1078 3682 1281 3745 Christiano:
1321 3682 1373 3744 cui
1400 3682 1482 3744 nulli
1509 3692 1591 3748 sunt

376 3764 477 3843 magis
491 3763 588 3826 vtilea
601 3783 701 3844 quam
714 3765 772 3844 qui
785 3763 981 3826 reluctantes
995 3781 1016 3823 a
1029 3763 1250 3844 philosophiae
1264 3762 1455 3827 dulcissimis
1469 3766 1591 3831 studiis

332 3868 359 3920 ις
375 3845 417 3907 ad
434 3846 561 3925 patriae
577 3844 809 3908 consulendum
825 3850 1029 3907 reuocentur.
1069 3844 1115 3907 Et
1130 3852 1241 3908 tamen
1256 3846 1342 3908 inter
1357 3847 1438 3908 istas
1455 3867 1589 3929 quoque

374 3928 580 4007 negociorum
593 3927 698 3989 undas
707 3925 819 3989 licebit
830 3926 873 3988 ali
897 3926 1002 3988 uoties
1016 3924 1141 4006 aliquid
1154 3928 1215 3990 ocii
1224 3928 1290 3991 tuis
1300 3927 1402 3990 Musis
1411 3929 1588 3994 succidere.

414 4009 468 4070 Ad
487 4009 600 4072 laudes
621 4029 702 4091 quas
723 4016 800 4071 tuus
822 4027 885 4070 can
907 4007 976 4069 orl
1035 4008 1096 4070 'ter
1115 4008 1209 4071 nobis
1229 4008 1355 4084 tribuit,
1378 4009 1459 4072 nihil
1481 4011 1589 4075 habeo
1640 4028 1645 4036 ·

374 4091 691 4173 quodrespondeam,
701 4091 764 4188 nisi
772 4111 823 4152 me
831 4089 893 4151 hoc
901 4089 974 4170 plus
982 4089 1029 4185 de·
1064 4091 1267 4187 retuoinme
1276 4091 1395 4167 studio,
1404 4094 1589 4173 quominus

327 4277 362 4315 α
373 4193 515 4316 sitit
530 4172 920 4349 hinnibilis.
937 4171 1293 4316 clidium
1303 4181 1453 4318 {uidi
1468 4182 1589 4333 illl?

373 4355 486 4397 rerum
499 4334 603 4397 multo
616 4355 717 4415 magis
729 4341 768 4397 vt
779 4336 884 4399 bonae
894 4335 1034 4408 litterae,
1047 4355 1129 4415 quas
1140 4335 1202 4397 scis
1213 4336 1370 4400 hactenus
1383 4338 1471 4418 apud
1483 4339 1588 4403 Italos

373 4416 439 4478 iere
457 4435 600 4496 paganas
617 4416 725 4489 fuisse,
745 4423 989 4479 consuescerent
1006 4416 1048 4478 de
1066 4417 1192 4480 Christo
1209 4417 1308 4499 loqui.
1347 4419 1398 4481 lla
1414 4440 1464 4483 res
1482 4441 1586 4501 quan·

372 4629 644 4696 AgaiustrBoniiaee
653 4630 953 4690 Amerbaoh,asexecu-
1039 4634 1113 4685 1752.
1135 4648 1172 4697 19.
1190 4636 1233 4686 ter
1264 4633 1411 4700 excuderit]
1445 4634 1488 4702 By
1517 4636 1585 4703 July

371 4702 422 4755 tor,
446 4694 494 4745 has
516 4694 621 4746 added:
656 4696 785 4763 ‘legauit
808 4699 876 4749 Dirc.
902 4700 952 4750 Lu·
1006 4702 1085 4765 15263
1102 4700 1398 4779 seallp.1593introd.

371 4762 467 4812 douico
481 4762 549 4812 Baro
562 4761 694 4827 theologo,
709 4763 863 4815 acholasteri
877 4766 952 4816 Basi-
1068 4782 1085 4816 a
1110 4766 1203 4816 multra
1232 4765 1300 4830 aliis]
1331 4766 1369 4816 st
1402 4765 1469 4816 laaat
1502 4783 1582 4819 seven

370 4826 460 4886 lier'r.’;
504 4828 608 4891 against
641 4842 667 4886 2,
703 4828 832 4893 ‘legauit
866 4831 953 4881 Beato
1002 4830 1195 4883 unauthoriaed
1214 4832 1297 4883 issum
1317 4830 1372 4882 had
1391 4832 1524 4897 appeared
1545 4833 1581 4899 by

371 4892 501 4943 Rhenano
522 4893 703 4944 Selestadieri?
743 4894 822 4947 Baala
843 4895 898 4947 MS.
922 4897 951 4949 0.
1001 4895 1048 4947 the
1059 4895 1112 4948 end
1124 4896 1153 4949 oi
1167 4900 1250 4962 15265
1272 4913 1315 4948 sae
1328 4896 1408 4947 Burs

370 4958 430 5009 V1⁸.
446 4971 487 5023 71,
502 4957 521 5007 i.
537 4972 571 5017 23
597 4959 626 5009 L.
642 4960 739 5019 Sicber,
755 4960 812 5011 Dus
828 4961 953 5013 Mobilicr
1037 4962 1110 5014 1⁷⁶3.
1130 4977 1170 5014 ao.
1190 4963 1316 5027 Batamq
1328 4961 1368 5013 Oi.
1380 4960 1431 5028 Ilp.
1442 4963 1500 5025 996.
1512 4975 1574 5025 431¹·

369 5024 413 5074 dea
426 5023 560 5083 Erasmus,
576 5027 649 5085 1891,
663 5041 690 5092 p.
705 5039 729 5091 5.
1035 5042 1076 5080 22.
1094 5029 1221 5095 pagam]
1234 5027 1274 5079 ci.
1288 5027 1338 5094 Ep.
1354 5040 1426 5095 1479.
1442 5041 1499 5089 ron
