3534 5984
733 680 928 765 sumens
949 700 1005 763 or
1026 700 1227 763 sessurus
1488 704 1582 779 [1525

682 917 776 977 1574.
822 912 931 977 Fsou
952 910 1053 977 dorm
1077 910 1279 976 Bormam.

1375 1024 1541 1078 Constance.

1365 1125 1379 1180 5
1392 1111 1460 1180 Mu
1473 1124 1550 1180 1525·

378 1230 589 1361 coddffigim'
602 1234 689 1295 letter,
704 1235 852 1301 autograph
868 1234 1039 1301 throughout.
1070 1234 1127 1285 The
1140 1232 1278 1298 year-date
1292 1233 1314 1282 ia
1328 1232 1472 1283 confirmed
1486 1232 1524 1298 by
1538 1232 1584 1282 the

420 1412 453 1475 S.
466 1413 502 1475 P.
539 1414 621 1476 Tam
637 1423 688 1477 est
703 1436 816 1478 verum
832 1415 921 1495 quod
936 1415 1084 1477 duxerim
1100 1433 1233 1475 vxorem
1249 1433 1349 1492 quam
1365 1413 1453 1493 quod
1469 1420 1585 1493 eaptus

379 1501 430 1556 est
447 1495 489 1559 D.
510 1496 656 1560 Zuicous.
698 1499 768 1579 Ego
786 1518 844 1560 nec
864 1498 931 1560 tale
952 1499 1126 1577 quiequam
1145 1497 1286 1570 memini,
1306 1516 1365 1558 nec
1384 1495 1438 1557 ille
1455 1497 1583 1556 metuit.

380 1578 522 1659 Vterque
534 1580 615 1641 liber
628 1587 678 1643 est
691 1580 733 1642 ab
745 1582 910 1660 imputato
923 1578 1062 1641 vinculo.
1098 1578 1314 1653 Quamobrem
1327 1578 1413 1639 dices
1426 1578 1586 1638 Frobenio

381 1662 554 1818 vtgruptias
567 1669 645 1742 agat
657 1664 778 1743 nugoni
792 1682 851 1724 suo
865 1664 922 1741 qui
934 1662 981 1731 illi
994 1668 1065 1723 tam
1078 1668 1168 1722 certa
1181 1660 1244 1721 lide
1257 1661 1413 1723 narrauit.

484 1743 507 1804 d
518 1744 559 1806 de
572 1745 821 1824 Oecolampadio
833 1752 868 1806 et
879 1746 946 1806 suis
958 1746 1107 1817 sentiam,
1119 1762 1186 1804 non
1198 1743 1298 1822 probe
1309 1748 1449 1805 constat.
1484 1741 1585 1803 Video

378 1824 464 1887 illius
490 1825 624 1899 libellos,
652 1828 796 1889 animum
823 1846 890 1889 non
916 1826 1021 1888 video.
1071 1825 1334 1906 Quotusquisque
1360 1832 1410 1886 est
1436 1825 1493 1904 qui
1519 1843 1585 1883 non

380 1908 514 1969 misceat
531 1928 606 1970 suos
623 1908 786 1971 affectus?
827 1909 929 1971 Video
945 1908 1155 1988 pullulasoere
1172 1917 1277 1971 scotus
1294 1906 1414 1969 multas
1432 1906 1484 1967 vel
1501 1906 1586 1966 inter

380 2009 435 2049 eos
455 1991 512 2070 qui
530 1990 570 2052 de
587 2011 652 2052 vno
670 1990 837 2072 euangelio
854 1992 1043 2072 gloriantur.
1086 1991 1191 2065 Quam
1212 1991 1273 2053 hoo
1290 1988 1509 2051 Christianum
1530 1989 1584 2059 sit,

381 2071 436 2132 alii
448 2072 602 2135 iudicent.
638 2073 708 2154 Ego
721 2074 842 2135 nemini
855 2073 971 2135 horum
984 2093 1044 2135 neo
1058 2093 1168 2135 aurem
1182 2093 1241 2135 neo
1256 2074 1399 2134 animum
1413 2069 1585 2150 praebebo,

337 2186 370 2225 10
380 2161 553 2216 contentus
572 2175 645 2217 mea
661 2156 869 2236 simplicitate
889 2155 964 2217 fidei
981 2157 1017 2217 in
1034 2155 1208 2218 Christum.
1250 2156 1319 2235 Ego
1337 2173 1403 2215 non
1422 2152 1586 2214 crutiabor

380 2238 476 2298 anxie
488 2238 561 2317 quis
571 2238 700 2299 illorum
713 2239 857 2320 argutior
868 2238 923 2300 sit.
958 2237 1007 2299 De
1020 2239 1135 2317 pattici
1180 2240 1268 2299 tione
1280 2235 1433 2297 dominici
1445 2234 1586 2314 corporis

380 2324 415 2380 at
438 2321 603 2400 sanguinis
626 2339 726 2400 quem
751 2320 843 2383 varia
865 2320 1069 2400 produnturl
1116 2257 1179 2383 1de
1199 2319 1368 2383 contendit
1391 2317 1493 2379 solam
1518 2335 1586 2377 esse

381 2403 578 2476 memoriam,
597 2408 633 2465 et
649 2403 730 2465 facit
742 2402 962 2465 administrari
975 2422 1032 2482 per
1044 2422 1198 2483 precones
1210 2400 1455 2482 reipu<blioae>.
1495 2397 1586 2459 Alius

381 2484 542 2547 mordicus
560 2485 689 2548 frendet
707 2486 772 2548 illic
791 2486 892 2548 latere
913 2505 1025 2547 verum
1045 2504 1162 2565 corpus
1181 2491 1216 2548 et
1234 2484 1424 2565 sanguinem
1444 2480 1585 2552 Domini,

337 2595 366 2648 15
380 2566 486 2647 qualis
509 2567 609 2630 luerit
632 2569 667 2630 in
692 2588 785 2631 cruce
809 2568 966 2642 Christus,
991 2575 1026 2630 et
1051 2567 1269 2630 administrari
1294 2585 1351 2646 per
1375 2563 1585 2627 sacerdotem.

381 2648 465 2713 Sunt
481 2657 628 2730 preterea
644 2653 701 2731 qui
717 2657 881 2731 vtrunqne
898 2657 1019 2731 negant
1035 2656 1070 2712 et
1085 2649 1175 2712 aliud
1191 2649 1348 2730 quiddam
1365 2647 1489 2709 dicunt.
1528 2643 1587 2705 Ille

381 2731 454 2793 vult
470 2733 605 2796 suismet
623 2731 772 2796 manibus
789 2739 1000 2807 contrectare,
1017 2733 1080 2794 iste
1098 2732 1171 2794 vult
1188 2732 1250 2794 eibi
1267 2730 1353 2793 tradi
1372 2750 1392 2791 a
1409 2727 1586 2790 sacerdote.

380 2813 441 2875 Ille
452 2821 626 2879 contentus
638 2822 689 2878 est
702 2836 768 2877 vna
780 2817 893 2896 spatie,
906 2816 969 2877 ista
981 2814 1178 2895 digladiatur
1190 2834 1250 2894 pro
1263 2820 1401 2892 viraque
1414 2833 1423 2887 ;
1447 2810 1501 2872 ille
1515 2808 1588 2870 vult

381 2899 570 2977 sanguinem
593 2920 611 2960 e
634 2898 732 2960 calice
755 2904 919 2978 argenteo,
941 2898 1004 2959 iste
1027 2918 1045 2959 e
1068 2898 1148 2977 pinu
1172 2904 1231 2959 aut
1253 2895 1402 2968 fraxino;
1437 2892 1491 2954 ille
1515 2890 1588 2951 vult

335 3007 370 3045 ω
381 2996 499 3058 panem
517 2980 559 3040 ad
577 2999 616 3041 ea
633 2981 789 3042 hactenus
807 2986 973 3043 assuetum
990 2979 1071 3053 dari,
1088 2980 1151 3041 iste
1168 2998 1270 3041 nouos
1288 2975 1446 3058 quosdam
1464 2974 1588 3054 effingit

382 3059 537 3139 pastillos,
562 3082 603 3123 ne
626 3081 692 3124 non
716 3062 866 3124 videatur
889 3061 1012 3142 aliquid
1035 3063 1112 3123 noui
1134 3062 1305 3123 inuenisse.
1350 3058 1417 3120 Neo
1440 3064 1492 3119 est
1514 3055 1588 3117 finis

381 3141 497 3203 talium
517 3145 672 3207 rixarum.
715 3143 783 3205 Nec
804 3145 920 3206 minori
941 3142 1064 3205 insultu
1084 3143 1306 3206 tumultuatur
1327 3141 1368 3202 de
1389 3140 1588 3220 baptismate

382 3224 591 3302 paruulorum
604 3248 612 3299 ;
637 3225 735 3289 audio
747 3246 816 3287 esse
828 3226 947 3287 alicubi
959 3226 994 3287 in
1007 3244 1084 3307 agro
1096 3225 1270 3307 Tygorino,
1285 3221 1342 3285 vbi
1353 3222 1466 3284 rustici
1478 3220 1588 3301 palam

382 3305 465 3368 alter
481 3307 619 3371 alterum
636 3330 654 3370 e
669 3308 805 3370 lacubus
821 3315 856 3370 et
873 3307 1059 3370 fluminibus
1076 3308 1217 3370 vicissim
1233 3327 1301 3370 sese
1317 3304 1528 3385 rebaptisent.

335 3414 368 3468 ²5
423 3389 520 3468 Apud
535 3411 595 3452 nos
611 3392 720 3453 omnia
734 3390 831 3470 plena
844 3397 924 3452 sunt
939 3390 1036 3452 armis
1052 3396 1087 3452 et
1101 3391 1243 3453 cruentis
1258 3388 1400 3452 cedibus.
1438 3387 1589 3448 Proceres

382 3473 501 3533 armati
517 3474 668 3547 seuiunt;
696 3474 808 3534 rustici
824 3472 937 3534 furiosi
953 3472 1195 3536 debacchantur
1211 3478 1246 3534 et
1261 3471 1438 3544 insaniunt,
1456 3467 1589 3530 tametsi

383 3571 502 3634 magna
516 3575 590 3636 pars
604 3557 797 3618 rusticorum
812 3555 900 3635 apud
914 3575 974 3617 noa
988 3555 1184 3636 quibusdam
1197 3552 1437 3617 conditionibus
1451 3550 1588 3629 receptis

382 3636 561 3715 quieseant.
595 3638 691 3719 Apud
705 3636 1020 3719 Vuirtembergensea
1032 3657 1118 3700 nuno
1131 3638 1250 3701 dicitur
1261 3636 1403 3716 erupisse
1416 3639 1589 3696 concoctus

381 3718 472 3782 furor
490 3722 694 3795 rusticorum,
714 3741 832 3802 megno
852 3720 939 3783 malo
957 3720 1162 3801 quorundam
1180 3719 1245 3782 illic
1265 3737 1443 3799 procerum.
1485 3715 1534 3777 Eo
1553 3733 1588 3775 se
1647 3785 1650 3789 A

336 3828 372 3880 30
382 3804 503 3883 recepit
516 3806 566 3867 vis
580 3810 779 3867 armatorum
793 3823 961 3884 procerum
975 3804 1084 3865 animo
1097 3801 1324 3865 consternandi
1337 3800 1420 3862 tales
1433 3796 1587 3860 rabiosos.

383 3885 529 3949 Christus
586 3894 622 3950 at
636 3888 725 3969 quod
740 3887 892 3949 videatur
907 3887 1077 3966 optimum.

424 3968 474 4030 De
490 3970 555 4032 libe
580 3972 587 3985 ‘
623 3972 658 4032 in
676 3976 710 4032 te
727 3970 856 4051 scriptis
873 3968 955 4031 nihil
972 3969 1050 4032 vidi.
1090 3968 1336 4048 Theologaatros
1353 3963 1511 4027 tractabis
1529 3981 1589 4042 pro

383 4050 552 4131 dignitate,
567 4054 595 4114 si
609 4054 695 4114 votis
709 4054 789 4114 meis
801 4052 1003 4132 responderis
1016 4073 1024 4127 ;
1050 4053 1107 4114 sed
1122 4057 1233 4113 metuo
1246 4070 1287 4112 ne
1302 4047 1462 4112 modestia
1474 4046 1590 4107 innata

383 4132 497 4195 dentes
521 4135 653 4196 omnino
676 4134 866 4196 demolierit.
913 4135 1055 4197 Ostende
1079 4154 1180 4215 quam
1203 4132 1284 4195 nihil
1307 4130 1481 4192 conueniet
1503 4129 1590 4189 inter

337 4238 369 4289 35
382 4214 569 4295 theologum
588 4221 622 4277 et
635 4215 785 4278 Sutorem
798 4238 807 4290 ;
830 4222 991 4296 quantum
1005 4217 1106 4279 distet
1117 4217 1307 4278 irretitutum
1320 4210 1589 4281 Oartuaiauioum

383 4296 472 4373 qnod
494 4296 697 4375 profitentur,
721 4317 742 4357 a
763 4298 906 4360 mordaci
927 4298 1038 4379 lingua
1059 4306 1094 4360 et
1115 4298 1262 4372 calam03
1296 4302 1457 4378 quantum
1480 4292 1591 4356 absint

385 4397 405 4438 a
421 4398 499 4439 vera
514 4378 687 4460 theologia,
704 4380 761 4459 qui
776 4380 838 4440 sibi
855 4400 984 4442 omnem
1001 4380 1196 4460 theologiam
1213 4379 1398 4443 vendicant.
1436 4376 1499 4440 Sed
1516 4375 1590 4456 quis

384 4465 435 4521 est
447 4459 581 4521 tandem
593 4460 667 4522 finis
678 4462 807 4523 rixandi
821 4468 834 4524 l

608 4606 645 4657 15.
664 4596 770 4661 qualis.
787 4632 794 4645 .
811 4633 818 4646 .
835 4595 999 4647 sacerdotem
1013 4596 1072 4649 odd.
1088 4596 1237 4648 delcm
1251 4598 1281 4648 io
1295 4610 1372 4661 marg.

418 4764 441 4801 2.
461 4749 582 4813 Zolocus]
602 4751 648 4803 See
708 4791 716 4804 .
737 4754 961 4815 1519ΛΗ1Λ1Ῑά
1012 4768 1084 4819 ¹540·
1099 4769 1158 4806 aon.

384 4816 745 4882 lorhispositicnuoweAE}
765 4819 959 4882 .1538.49-51.
1043 4824 1084 4873 τὰ
1103 4815 1207 4879 rustici]
1238 4819 1285 4872 See
1317 4819 1385 4884 Epp.
1421 4830 1493 4882 1540.
1526 4830 1590 4877 2111,

418 4896 441 4946 ς.
461 4832 961 4947 oscoumpadiossrorhmmus’ma-
1013 4888 1189 4951 1585.23-31.
1603 4917 1607 4925 ·

384 4949 455 4999 tions
466 4947 531 4999 with
541 4946 597 4999 him
606 4964 666 5000 now
677 4949 711 5001 cl.
724 4950 773 5014 Ep.
789 4962 860 5013 1559.
874 4951 948 5012 23-8.
1044 4965 1084 5015 33.
1103 4950 1234 5002 modestia
1251 4947 1356 5009 innato]
1375 4948 1492 5015 Perhaps
1510 4949 1591 4998 ironi-

419 5030 494 5078 22-3r
513 5014 675 5079 baptismate
701 5011 883 5082 paruulorum]
908 5016 960 5065 For
1010 5018 1059 5067 cal.

385 5081 432 5131 the
443 5080 611 5146 promiscuos
622 5081 650 5133 ol
660 5081 715 5134 this
726 5082 849 5148 question
859 5081 893 5132 ol.
908 5082 957 5146 Ep.
1045 5095 1084 5147 35.
1105 5080 1238 5141 Soterem]
1251 5079 1298 5130 See
1311 5081 1360 5146 Ep.
1378 5095 1448 5146 1591·
