3534 5984
361 682 401 742 ec
715 677 910 741 nnrress
932 678 988 740 es
1009 677 1209 741 essenus
1471 679 1566 755 [1525

360 845 532 919 Ambrosii,
578 845 778 925 Hieronymi,
820 844 1003 926 Augustini,
1043 843 1187 925 Gregorii
1224 849 1259 905 et
1300 842 1565 922 subsequentium

359 934 545 989 sanctorum
576 927 879 1007 doctorum—quse,
911 934 1000 989 certo
1030 932 1116 1000 tene,
1147 928 1334 988 inconcusse
1360 931 1438 987 sunt
1463 928 1566 987 secuti

360 1009 548 1071 Guillelmus
574 1008 885 1086 Altisiod<oreusis>,
916 1008 1117 1086 Helen<sis>,
1147 1008 1298 1080 Thomas,
1334 1007 1566 1070 Beneuentum

359 1098 394 1153 ct
414 1091 532 1153 caeteri
552 1091 682 1170 probuti
703 1090 830 1152 scholae
850 1090 946 1152 huius
967 1091 1122 1171 magistri,
1144 1091 1178 1151 in
1197 1090 1260 1151 illis
1282 1107 1366 1168 quse
1387 1090 1566 1169 proximius

311 1192 343 1245 ²5
359 1172 505 1235 diuinum
526 1173 577 1234 ius
597 1174 881 1252 attingunt-tuus
900 1191 966 1234 non
985 1171 1187 1234 dissensisset
1199 1170 1392 1243 intellectus,
1413 1171 1565 1232 nimirum

359 1254 509 1316 omnibus
535 1254 629 1316 stilus
655 1255 838 1334 placuisset.
886 1254 954 1317 Nec
980 1253 1092 1316 obstat
1117 1252 1206 1333 quod
1232 1252 1390 1331 praedicti
1415 1252 1564 1314 doctores

359 1335 541 1398 scholastici
575 1337 609 1397 in
643 1335 838 1416 quibusdem
872 1335 1018 1399 nondum
1044 1335 1193 1397 resolutis
1218 1340 1253 1395 et
1281 1353 1498 1414 nequaquem,
1526 1340 1565 1395 vt

359 1418 442 1479 citre
463 1417 667 1479 formidinem
689 1418 789 1480 etiam
812 1437 898 1479 nunc
921 1423 1165 1498 cognoscentur,
1188 1416 1374 1478 neoesseriis
1395 1416 1563 1478 dissident.

360 1498 497 1573 Quendo
521 1505 642 1572 eutem,
668 1505 707 1561 vt
729 1499 858 1572 dicitur,
883 1501 971 1561 iacta
994 1504 1045 1561 est
1069 1498 1140 1560 elee
1162 1499 1350 1577 nescietque
1374 1516 1441 1560 vox
1465 1499 1565 1559 missa

312 1602 346 1651 30
358 1582 487 1654 reuerti,
507 1600 565 1660 per
582 1581 773 1642 immensam
794 1580 854 1643 Dei
874 1581 1055 1643 bonitatem
1075 1588 1119 1654 te,
1139 1579 1250 1653 frater,
1270 1599 1392 1660 precor,
1412 1582 1564 1660 psuperis

358 1662 467 1724 Bedee
484 1662 653 1725 consilium
671 1683 710 1724 eo
728 1663 836 1742 eccipe
854 1663 971 1742 spiritu
989 1681 1055 1742 quo
1074 1664 1301 1742 (postsequem
1317 1662 1375 1734 ite,
1395 1667 1434 1723 vt
1451 1662 1494 1722 ad
1512 1682 1563 1723 me

358 1745 446 1824 prior
454 1743 617 1816 scriberes,
628 1745 775 1824 permisit
784 1744 956 1820 Dominus)
967 1744 1028 1805 tibi
1039 1763 1131 1823 spem
1142 1742 1322 1806 rescribere.
1355 1743 1404 1804 Εο
1414 1743 1563 1823 equidem

358 1827 485 1887 enimse
505 1831 593 1900 tuae,
614 1826 705 1887 cuius
725 1832 799 1887 toto
819 1825 915 1887 corde
935 1825 1074 1887 salutem
1094 1826 1199 1905 cupio,
1221 1824 1310 1905 quod
1330 1826 1436 1887 sentio
1455 1825 1563 1887 dicam

357 1906 498 1981 liberius,
516 1926 581 1986 quo
598 1907 729 1969 testeris
745 1914 778 1969 te
796 1906 878 1969 velle
895 1927 953 1988 per
968 1927 1097 1970 omnem
1111 1907 1244 1969 modum
1258 1906 1434 1980 informari,
1452 1914 1487 1969 et
1505 1907 1564 1969 ‘de

311 2012 341 2063 35
357 1988 447 2050 libris
465 1989 531 2050 tuis
550 1987 841 2086 auferriquicquid
858 1990 944 2085 inest
962 1989 1014 2050 vel
1033 1991 1147 2050 erroris
1165 1988 1218 2050 vel
1236 1988 1420 2085 offendiculi
1434 1988 1453 2062 ’,
1473 1988 1562 2086 edes-

357 2070 1204 2232 dimittitdimittent·
1217 2070 1563 2231 ...Aletini

357 2232 550 2313 Perephrasi
569 2233 736 2313 Euangelii
755 2232 861 2295 Lucae
879 2235 1091 2313 signeueram,
1111 2233 1199 2313 quod
1218 2253 1270 2295 me
1298 2239 1466 2295 mouerent
1483 2234 1563 2296 hacc

356 2314 469 2389 leuius,
493 2315 550 2376 ille
572 2316 684 2396 magis,
709 2314 752 2376 ad
774 2320 809 2377 te
832 2335 885 2377 me
907 2317 1008 2377 inscio
1031 2315 1121 2377 fuere
1144 2317 1343 2378 transmissa.
1389 2316 1441 2376 Me
1464 2316 1562 2395 igitur

308 2422 344 2470 40
357 2396 480 2470 audies,
496 2396 626 2459 domine
639 2396 750 2470 frater,
766 2416 898 2477 quaeso,
914 2403 949 2459 et
963 2397 1033 2459 Deo
1048 2403 1082 2460 te
1097 2417 1223 2459 mecum
1238 2397 1384 2458 humilia.

397 2478 541 2541 Primum
556 2498 622 2540 non
636 2485 735 2541 vacat
748 2478 881 2560 periculi
895 2479 1076 2559 suspicione
1090 2478 1179 2559 quod
1193 2480 1346 2541 continue
1360 2478 1508 2551 aliorum,
1524 2485 1563 2541 vt

356 2568 464 2641 putes,
479 2560 638 2623 incumbis
651 2560 799 2635 vtiliteti,
813 2580 917 2624 nouos
937 2561 1005 2623 sine
1018 2562 1253 2623 intermissione
1265 2560 1365 2622 libros
1383 2559 1562 2633 scribendo,

356 2642 517 2705 Ecclesiae
529 2662 596 2704 non
608 2644 812 2705 necessarios.
847 2642 911 2705 vix
924 2649 1020 2717 certe,
1034 2649 1073 2704 vt
1085 2643 1307 2720 coniect[ur]o,
1321 2642 1382 2704 tibi
1395 2642 1492 2715 cedit,
1506 2662 1563 2722 per

355 2726 405 2786 tui
423 2726 556 2804 spiritus
573 2723 829 2786 recollectionem
845 2730 949 2787 temet
966 2725 1108 2797 edocere,
1127 2723 1188 2785 hoc
1206 2730 1257 2786 est
1274 2725 1408 2786 internis
1426 2724 1561 2787 medita·

308 2830 340 2882 45
355 2806 498 2868 tionibus
522 2806 621 2868 seculi
644 2806 740 2867 huius
764 2807 946 2868 vanitatem
969 2807 1176 2887 perpendere,
1201 2812 1236 2868 et
1260 2805 1363 2867 futuri
1387 2806 1563 2867 iucundam

354 2886 495 2949 delibem
537 2886 761 2949 stabilitatem.
824 2886 1070 2950 Attendendum
1103 2888 1223 2968 quippe
1258 2894 1309 2949 est
1342 2887 1431 2967 quod
1466 2887 1563 2949 docet

354 2968 539 3048 Apostolus,
552 2969 701 3047 inquiens
715 2969 723 2994 ‘
736 2969 770 3030 Si
782 2968 900 3049 linguis
912 2969 1080 3032 hominum
1090 2970 1205 3049 loquar
1217 2970 1291 3032 etc!
1304 2975 1339 3031 et
1353 2968 1405 3031 ‘Si
1417 2969 1562 3032 habuero

354 3069 483 3111 omnem
502 3050 670 3110 scientiam
689 3049 763 3112 etc!
783 3056 818 3112 et
839 3051 925 3125 ‘Qui
944 3050 1024 3113 alios
1042 3051 1148 3124 doces,
1168 3052 1327 3131 teipsum
1345 3070 1412 3113 non
1431 3051 1528 3114 doces
1541 3052 1560 3114 ⁹.

354 3131 513 3193 Dominus
536 3149 612 3192 vero
635 3129 788 3193 docturos
811 3131 940 3203 docens,
957 3132 1064 3207 ‘Qui'
1087 3132 1195 3211 inquit
1219 3132 1373 3195 ‘soluerit
1396 3153 1497 3195 vnum
1521 3133 1561 3195 de

310 3239 342 3290 50
355 3212 518 3274 mendatis
527 3212 599 3273 istis
609 3212 760 3286 minimis,
771 3219 806 3274 et
815 3212 963 3275 docuerit
972 3214 1017 3275 sic
1027 3214 1172 3276 homines
1180 3214 1255 3275 etc’
1283 3213 1419 3295 Scripsit
1427 3215 1561 3296 proinde

355 3294 470 3356 beatus
495 3293 705 3374 Augustinus,
730 3301 857 3374 queest.
883 3295 930 3367 iii,
952 3294 995 3356 ad
1019 3295 1135 3369 Dulci,
1157 3295 1237 3357 mihi
1257 3294 1293 3371 0,
1314 3303 1407 3377 perte
1428 3317 1562 3377 operum

355 3376 424 3449 viii,
441 3375 572 3437 dicens:
604 3375 706 3455 ‘Ego,
721 3376 809 3455 quod
822 3375 1044 3439 confitendum
1060 3384 1111 3440 est
1127 3377 1280 3440 cheriteti
1294 3384 1381 3451 tuse,
1395 3378 1470 3459 plus
1487 3399 1562 3441 emo

354 3456 474 3518 discere
486 3476 585 3562 quam
599 3457 723 3519 docere.
756 3458 842 3520 Nem
854 3458 916 3520 hoc
928 3459 1139 3522 admonemur
1151 3459 1279 3522 dicente
1292 3461 1392 3522 etiem
1404 3460 1561 3540 Apostolo

354 3538 484 3613 Iacobo,
512 3538 580 3601 ‘Sit
590 3544 701 3601 eutem
712 3540 816 3601 omnis
828 3539 927 3604 homo
939 3541 1035 3604 velox
1047 3542 1090 3604 ed
1103 3541 1310 3616 audiendum,
1323 3541 1438 3604 tardus
1451 3548 1561 3604 sutem

388 3684 429 3732 23.
447 3669 728 3736 Alticiodoreusqued.
791 3684 831 3733 24
851 3676 919 3724 etc:
937 3673 1046 3736 etsetfl.
1098 3674 1176 3725 huius
1184 3672 1323 3727 scholsafl.
1386 3685 1426 3735 25.
1446 3678 1559 3725 tuus...

354 3737 394 3785 26.
430 3736 553 3787 iacuisset
559 3744 617 3802 post
626 3736 1097 3802 dissidenttrcnsssrtdlnimirumc:
1115 3740 1211 3790 mirum
1221 3743 1259 3803 β).
1313 3740 1353 3790 26.
1371 3739 1461 3804 quod.
1476 3777 1483 3789 .
1497 3776 1503 3791 .
1519 3753 1559 3803 27.

352 3752 561 3855 stelenum
575 3806 601 3857 β.
703 3803 744 3852 28.
763 3803 937 3857 dissiduntfi.
1037 3819 1077 3868 3²·
1097 3806 1213 3857 tibiadd
1226 3808 1252 3859 Β.
1362 3818 1436 3867 33-4.
1455 3805 1562 3856 liberius

354 3866 441 3919 dicem
451 3871 477 3922 β.
591 3881 630 3932 35.
650 3868 790 3920 sulerric:
811 3870 870 3921 tolli
879 3872 906 3930 fl,
916 3876 941 3921 ct
951 3870 981 3921 ie
989 3871 1039 3935 llp.
1054 3885 1124 3936 1571.
1137 3884 1159 3935 5.
1267 3872 1342 3933 356.
1361 3871 1523 3936 eddesseque
1534 3876 1559 3924 11.

354 3934 395 3997 38.
413 3933 561 4000 persphn'si
571 3937 597 3988 β.
693 3949 734 3998 39.
752 3936 818 3987 leuis
835 3938 861 3989 β.
956 3950 998 3998 42.
1018 3942 1097 4003 putes
1113 3953 1145 3985 αι
1163 3940 1256 4003 poetes
1268 3942 1295 3998 11,
1306 3936 1340 4001 cs.
1353 3936 1403 4002 llp.
1419 3938 1490 4000 1581.
1505 3950 1560 4000 5²3·

352 4011 427 4062 44-5.
448 3999 671 4054 meditionibusfl.
766 4013 807 4063 45-
826 4000 1029 4067 perronem:
1050 4002 1235 4069 eppenderen.
1340 4015 1377 4065 51.
1397 4002 1561 4069 Augustinus

353 4082 403 4116 om.
420 4068 438 4118 β
453 4066 484 4115 s'e
494 4064 549 4129 ,rinc
558 4067 677 4130 pcqs'scs.
795 4066 870 4129 ΙοΙβτ
888 4082 927 4118 ca.
946 4084 969 4119 α.
1070 4081 1109 4132 53.
1127 4069 1210 4119 etiam
1220 4068 1361 4122 dicentefi.

388 4267 428 4316 23.
447 4252 583 4315 Altisiod.]
595 4253 642 4304 See
656 4253 706 4317 llp.
720 4268 778 4318 347.
791 4267 851 4318 9511.
984 4270 1041 4305 ove
1052 4259 1081 4304 ιο
1093 4254 1138 4305 Dr.
1159 4254 1193 4305 H.
1215 4255 1248 4304 H.
1269 4255 1300 4305 Ii.
1314 4253 1427 4305 Orestes.

422 4317 529 4378 Helen]
542 4319 589 4370 See
600 4332 638 4370 1v.
650 4333 729 4381 44911·
1051 4316 1082 4378 0]
1099 4320 1162 4371 This
1181 4336 1217 4370 uo
1236 4319 1323 4371 doubt
1339 4318 1427 4376 refers,
1445 4318 1497 4368 like
1516 4319 1561 4368 the

420 4381 547 4444 Thomas]
568 4383 705 4448 Aquinas;
736 4398 779 4433 sea
801 4384 850 4449 Ep.
873 4398 931 4447 347.
982 4383 1126 4434 references
1139 4384 1167 4434 in
1182 4384 1282 4436 Gerson
1299 4384 1336 4446 (ll.
1353 4387 1454 4444 161-6),
1470 4388 1500 4434 ιο
1515 4384 1561 4435 the

352 4460 413 4511 95n.
982 4447 1161 4513 alphabeticsl
1181 4451 1283 4501 seotion
1304 4450 1333 4510 G,
1355 4450 1384 4501 in
1405 4448 1491 4500 which
1515 4448 1562 4499 the

421 4512 623 4590 Beneuentum]
634 4513 681 4564 See
693 4514 743 4578 Ep.
756 4528 813 4579 347.
825 4527 886 4578 9511.
981 4529 1093 4630 pessege
1102 4514 1204 4579 quoted
1215 4515 1276 4566 bere
1289 4516 1408 4581 actually
1423 4530 1514 4566 occurs
1525 4531 1560 4566 on

386 4592 428 4640 29.
446 4594 500 4628 vox
511 4577 603 4640 missa]
613 4580 652 4630 (li.
665 4580 728 4629 Hor.
742 4580 774 4631 Α.
784 4580 814 4630 Ρ.
827 4594 886 4643 390.
993 4586 1014 4632 ⁰.
1031 4580 1089 4641 ue,
1101 4595 1119 4629 a
1210 4582 1275 4632 with
1291 4597 1328 4632 no
1344 4581 1422 4633 other
1437 4580 1559 4638 number,

386 4659 427 4707 34.
446 4642 564 4705 testaris]
577 4645 626 4708 Ep.
642 4660 651 4695 1
674 4659 712 4708 7¹·
727 4648 785 4696 2-6.
982 4646 1142 4697 olvol.rii1
1191 4646 1238 4697 the
1253 4648 1405 4699 Amorbseh
1418 4648 1521 4698 edition
1532 4647 1559 4697 ol

385 4723 427 4773 47.
445 4708 601 4774 Apostolus]
616 4725 625 4760 1
678 4725 700 4759 r.
714 4724 753 4773 13.
769 4725 792 4769 1,
805 4724 828 4760 2.
982 4712 1025 4763 Au
1074 4713 1139 4774 tine,
1160 4714 1246 4773 Baelo,
1265 4718 1348 4778 1506:
1382 4713 1468 4765 which
1486 4712 1560 4763 Beda

385 4776 427 4837 48.
446 4775 498 4836 Qui
508 4774 575 4825 alios
597 4775 675 4825 Rom.
687 4789 711 4825 2.
723 4790 764 4826 21.
981 4779 1025 4828 eri
1043 4778 1119 4843 ently
1133 4794 1187 4830 vtes
1202 4781 1279 4845 using
1290 4780 1334 4842 (cl.
1347 4780 1364 4831 l.
1380 4783 1466 4842 14¹¹1l·
1502 4779 1559 4829 Tha

384 4855 427 4904 49.
446 4841 576 4917 Dominus
600 4840 716 4917 Μοιιξ.
733 4854 772 4902 19.
814 4885 818 4893 .
854 4905 860 4917 ·
981 4844 1092 4910 reading
1106 4845 1135 4895 ol
1146 4864 1162 4894 c
1174 4862 1288 4912 appears
1302 4850 1332 4895 ιο
1343 4845 1377 4895 be
1389 4860 1425 4894 an
1440 4846 1559 4955 sttempt

388 4919 427 4971 51.
447 4903 523 4967 mihi]
536 4904 930 4971 ‘mtheedrtronlarnusrng‘3
983 4908 1019 4974 by
1032 4908 1080 4960 tha
1095 4912 1240 4975 printerto
1256 4911 1364 4975 explain
1380 4907 1403 4958 0
1420 4923 1450 4958 es
1463 4922 1498 4957 su
1512 4923 1528 4956 e
1550 4938 1558 4949 -

352 4970 386 5022 ci.
403 4972 421 5023 l.
442 4985 498 5036 145,
515 4971 570 5022 end
587 4972 634 5022 tbc
646 4977 711 5022 note
728 4971 815 5023 which
827 4971 930 5022 follows
983 4973 1133 5026 breviation
1144 4977 1290 5042 forcapiis.

352 5039 416 5090 this.
450 5038 515 5089 This
532 5038 673 5104 ingenious
689 5038 897 5104 interpretation
917 5038 929 5088 1
1016 5039 1275 5103 541seobo]1.19.
