3534 5984
374 710 415 769 es
732 709 926 773 armans
948 709 1003 772 or
1024 709 1224 773 uaesuus
1486 712 1580 787 [1525

374 875 476 937 literis
502 895 568 955 quo
594 876 699 937 tutius
725 875 938 955 perferantur.
986 875 1080 938 Nunc
1108 875 1168 937 hoc
1194 881 1325 937 tantum
1352 873 1482 936 addam.
1531 874 1582 937 Sit

328 958 512 1037 4oposthac
533 958 621 1020 inter
645 977 704 1019 nos
728 959 872 1019 omnium
897 958 1169 1037 querimoniarum
1194 977 1232 1019 ac
1256 957 1472 1037 suspitionum
1496 956 1581 1029 finis,

376 1039 650 1118 quemadmodum
675 1039 857 1101 ciuilissime
881 1040 994 1101 scribit
1018 1045 1078 1100 tua
1102 1039 1280 1112 celsitudo;
1317 1040 1369 1101 cui
1395 1059 1446 1100 me
1471 1044 1580 1100 totum

378 1120 473 1181 trado
484 1121 674 1201 dediooque.
711 1120 799 1182 Bene
815 1120 896 1182 vale.

419 1202 543 1264 Datum
558 1202 704 1265 Basilese
718 1210 811 1265 sexto
825 1202 904 1263 Idus
918 1202 1046 1282 Aprilis,
1062 1201 1157 1264 Anno
1170 1220 1206 1264 11.
1228 1220 1262 1263 n.
1277 1220 1359 1264 xxv.

715 1387 809 1449 1566.
854 1382 908 1448 To
930 1381 1081 1448 Jaaoua
1105 1382 1243 1448 Eneca.

412 1516 492 1586 Opus
503 1515 695 1586 Epistularum
706 1532 736 1586 p.
747 1516 810 1584 756.
842 1527 845 1534 ’
1362 1512 1453 1569 Basia.

410 1601 447 1659 N.
460 1620 489 1674 p.
501 1619 575 1672 721:
598 1603 688 1658 Lond.
701 1620 749 1657 xx.
761 1606 817 1658 28:
839 1601 897 1656 LB.
910 1603 973 1670 787.
1274 1600 1452 1673 (o.9April>
1466 1615 1543 1671 1515.

566 1752 719 1798 BBASHVS
739 1751 909 1797 nomon.
930 1750 1136 1795 maomo
1158 1750 1293 1796 EMSEBO
1315 1751 1342 1796 S.
1355 1752 1389 1796 D.

416 1852 549 1916 soron
564 1869 666 1930 nuper
681 1850 840 1930 prolixam
856 1856 901 1923 et,
917 1850 952 1911 ni
967 1849 1071 1923 fallor,
1089 1849 1259 1911 molestam
1274 1850 1445 1930 epistolam
1458 1871 1466 1923 ;
1494 1871 1581 1913 nuno

375 1933 456 1995 nihil
475 1939 546 1995 erat
565 1932 654 2013 quod
673 1931 854 2004 scriberem,
874 1932 937 1993 nisi
957 1931 1045 2011 quod
1065 1932 1122 2011 qui
1142 1931 1200 1992 has
1220 1931 1351 2011 perfert,
1372 1931 1510 1994 Iacobus
1530 1940 1581 1994 est

375 2014 554 2087 Ceratinus,
584 2015 681 2076 homo
708 2020 779 2076 tam
807 2014 1021 2076 Graecanicae
1048 2013 1236 2075 literaturae
1264 2014 1383 2075 callens
1411 2020 1451 2075 vt
1478 2016 1581 2093 possit

377 2096 472 2158 velin
481 2096 589 2157 media
597 2095 696 2158 Italia
703 2095 847 2175 profiteri
860 2116 868 2168 ;
890 2115 949 2157 nee
959 2095 1424 2176 seipsoiuieriorestinliteris
1433 2096 1558 2157 Latinis
1573 2117 1580 2169 ;

348 2200 361 2254 5
376 2178 420 2239 ad
439 2177 518 2240 haec
537 2178 697 2239 modestia
715 2197 797 2257 pene
815 2177 999 2251 immodica,
1020 2176 1226 2257 moribusque
1245 2177 1341 2257 plane
1360 2177 1464 2239 niueis
1483 2184 1518 2239 et
1538 2179 1580 2240 ab

376 2260 464 2321 omni
486 2260 561 2322 luco
583 2278 712 2339 prorsus
735 2260 992 2321 abhorrentibus.
1037 2259 1133 2321 Hunc
1154 2260 1244 2320 iussu
1266 2259 1423 2339 Principis
1445 2260 1580 2321 euocaui

375 2342 478 2422 magis
492 2348 610 2421 optans
625 2360 725 2422 quam
739 2360 871 2421 sperans
886 2341 955 2403 lore
970 2347 1009 2402 vt
1023 2341 1241 2403 conditionem
1257 2341 1425 2420 acciperet.
1462 2342 1580 2421 Itaque

374 2430 588 2504 posteaquam
613 2423 770 2485 hactenus
794 2423 930 2485 feliciter
954 2424 1051 2485 cessit
1075 2422 1164 2503 quod
1188 2423 1321 2503 egimus,
1348 2428 1424 2484 tuae
1450 2442 1579 2503 quoque

374 2512 483 2585 partes
502 2512 598 2568 erunt
616 2505 720 2568 adniti
739 2526 780 2568 ne
799 2526 851 2567 me
869 2505 1037 2585 poeniteat
1055 2504 1116 2566 hac
1134 2505 1168 2566 in
1187 2525 1221 2565 re
1240 2505 1397 2584 Principis
1416 2505 1580 2567 voluntati

330 2612 362 2650 ιο
374 2588 506 2667 gessisse
520 2608 652 2650 morem.

415 2669 538 2751 Perlegi
564 2669 709 2732 libellum
736 2677 842 2743 tuum,
869 2670 905 2731 in
932 2686 998 2749 quo
1026 2686 1127 2748 quum
1156 2668 1235 2729 mihi
1262 2673 1391 2730 caetera
1418 2667 1579 2747 placeant,

372 2756 485 2813 tamen
494 2752 575 2813 illud
587 2753 766 2814 admiratus
777 2772 860 2824 sum,
873 2770 957 2830 quur
967 2749 1015 2811 illi
1025 2748 1150 2812 tribuas
1161 2749 1465 2830 suauiloquentiam,
1477 2769 1579 2829 quum

374 2852 447 2894 mes
457 2836 620 2895 sententia
630 2834 711 2895 mhrl
721 2834 807 2895 rlhus
819 2833 929 2913 phrasi
940 2834 985 2894 sit
994 2832 1206 2894 inamoenius.
1239 2832 1281 2893 In
1292 2831 1378 2894 calce
1390 2830 1579 2911 praescribis

335 2961 337 2963 -
374 2915 539 2977 monachis
560 2935 598 2977 aa
619 2914 840 2977 sacerdotibus
860 2914 945 2994 leges
966 2914 1143 2975 mutandae
1162 2914 1198 2975 in
1219 2913 1332 2975 melius
1354 2914 1463 2974 vitae:
1497 2933 1579 2994 quas

329 3016 360 3067 15
373 2997 501 3057 vtinam
518 2996 808 3076 amplecterentur!
838 2995 934 3058 Nunc
950 3001 1068 3057 neutra
1084 3014 1158 3075 pars
1175 3001 1278 3057 semet
1293 2994 1519 3057 accommodat
1536 2995 1579 3056 ad

373 3077 573 3139 sarciendam
601 3078 815 3151 concordiam,
845 3077 902 3139 sed
930 3077 1024 3138 addit
1051 3078 1161 3157 potius
1189 3083 1327 3157 vtraque
1355 3076 1578 3139 tumultuandi

373 3160 553 3221 materiam.
591 3160 703 3221 Monui
720 3179 777 3239 per
791 3159 903 3221 literas
920 3178 986 3220 non
1002 3159 1101 3221 semel
1116 3166 1189 3221 tum
1206 3158 1385 3230 Caesarem,
1403 3158 1577 3220 Ferdinan·

372 3239 451 3301 dum
471 3240 614 3321 aliosque
633 3242 803 3322 principes,
823 3247 896 3303 tum
916 3240 1106 3303 Pontificem
1125 3247 1160 3302 et
1179 3240 1224 3303 Le
1246 3246 1338 3302 atum
1357 3241 1577 3320 compagium,

371 3340 440 3384 rem
447 3322 570 3384 felicius
579 3343 750 3396 cessuram,
759 3324 787 3385 si
794 3322 1062 3385 subtraherentur
1070 3322 1164 3384 huius
1174 3260 1251 3384 mali
1259 3323 1448 3395 seminaria;
1464 3342 1577 3384 verum

325 3426 361 3465 1ο
373 3403 479 3466 adhuc
493 3405 604 3466 videor
617 3404 697 3465 mihi
711 3405 816 3467 surdis
829 3425 954 3467 canere.
986 3405 1058 3466 Imo
1071 3404 1305 3484 propemodum
1320 3410 1358 3465 vt
1373 3405 1577 3466 Lutheranus

372 3484 564 3560 traducitur,
583 3488 640 3566 qui
659 3487 739 3549 velit
756 3486 936 3566 pontifices,
950 3486 1127 3566 episcopos,
1142 3487 1325 3548 sacerdotes
1345 3505 1383 3547 ac
1403 3485 1578 3547 monachos

372 3567 517 3630 meliores
531 3590 600 3631 esse
614 3588 713 3649 quam
728 3575 816 3631 sunt.
853 3568 942 3631 Vale.
985 3566 1140 3642 Besileaa
1157 3568 1251 3631 Anno
1266 3585 1339 3630 un).
1357 3585 1438 3629 xxv.

717 3760 811 3823 1567.
857 3756 910 3822 To
933 3755 1082 3822 Mearm
1105 3756 1229 3823 Hune.

406 3888 485 3958 Opus
497 3887 688 3960 Epistolarum
700 3905 728 3958 P·
741 3902 758 3956 7
761 3901 793 3957 57
796 3928 804 3942 ·
1393 3885 1485 3941 Basle.

404 3975 440 4031 N.
453 3992 481 4046 p.
494 3992 567 4044 722:
590 3976 680 4032 lond.
692 3994 741 4032 xx.
754 3991 808 4045 30:
831 3976 890 4031 LB.
903 3990 965 4044 739.
1337 3989 1356 4040 9
1368 3973 1447 4044 April
1460 3988 1538 4043 1515.

515 4143 523 4164 -’
562 4130 716 4175 ERASMVS
736 4130 812 4175 Bos.
834 4130 989 4175 munao
1010 4130 1129 4175 HVNNO
1151 4129 1282 4175 MEDICO
1304 4130 1331 4175 8.
1345 4129 1379 4173 D.

410 4217 463 4277 Ex
489 4215 591 4277 literis
619 4217 841 4279 humanissimi
868 4219 929 4279 viri
957 4218 1112 4281 Stromeri
1139 4218 1275 4300 cognoui
1302 4222 1427 4297 quanto
1454 4216 1575 4289 studio,

367 4318 433 4359 non
455 4299 524 4358 sine
545 4299 636 4377 graui
658 4304 803 4377 sumptu,
826 4299 995 4378 pertuleris
1016 4300 1127 4361 literas
1150 4320 1247 4363 meas.
1292 4300 1364 4363 Scio
1386 4305 1421 4361 et
1444 4300 1575 4360 memini

367 4384 528 4458 quantum
544 4379 742 4441 humanitati
755 4386 833 4442 tuae
847 4380 993 4442 debeam.
1029 4382 1187 4443 Misissem
1201 4382 1427 4444 munusculum
1442 4380 1575 4459 aliquod

368 4479 425 4539 per
453 4460 539 4521 huno
567 4460 764 4532 Ceratinum,
794 4462 900 4523 virum
929 4463 1097 4542 vtriusque
1124 4463 1312 4525 literaturae
1341 4463 1574 4536 doctissimum,

338 4562 588 4620 ssuccessurum
614 4543 648 4605 in
675 4543 779 4605 vicem
805 4543 983 4618 Mosellani,
1010 4545 1066 4606 sed
1092 4563 1222 4624 prorsus
1248 4552 1320 4608 erat
1345 4547 1504 4607 incertum
1532 4564 1574 4606 an

378 4666 389 4671 -
398 4665 629 4673 -.—-...——-.

403 4730 478 4781 1161.
495 4746 538 4794 41.
556 4729 660 4792 scribit]
672 4732 722 4798 Ep.
738 4745 810 4796 1550.
824 4744 899 4795 74-5.
1030 4748 1068 4800 17.
1087 4734 1189 4799 Monoi]
1207 4734 1247 4787 ct.
1260 4735 1399 4851 Ellam
1415 4733 1505 4795 145-8.

402 4796 474 4847 1566.
495 4812 516 4847 1.
537 4795 645 4863 Scripsi]
673 4812 695 4848 c.
725 4801 758 4849 26
786 4796 887 4857 March,
916 4796 944 4849 in
1031 4801 1102 4852 leot.
1124 4815 1144 4851 1.
1163 4798 1258 4861 literis]
1327 4804 1339 4849 t
1363 4803 1477 4850 extantz
1513 4812 1573 4863 pro·

366 4863 541 4913 mavortem
561 4875 665 4927 .1551;
686 4861 887 4928 oi.Epp.1561.
904 4866 943 4924 18,
995 4864 1301 4933 bablyinanawertol}
1322 4878 1414 4929 -15²2·

368 4930 440 4992 ¹⁵⁶⁵
454 4929 724 5053 ldieuufffffi'ru
746 4992 943 5058 Amarea·
995 4928 1471 5047 ulidffidlffdmffltdle
1487 4927 1574 5006 'Q

365 5008 470 5125 saddllp.
486 5072 557 5124 1551.
570 5074 613 5124 311
936 5032 944 5055 ⁹
995 5062 1023 5111 oi
1041 5075 1123 5126 15141
1140 5074 1183 5110 aaa
1200 5059 1250 5122 up.
1269 5063 1333 5121 1461
1350 5060 1448 5112 iutrod.
1461 5076 1496 5111 aa
1514 5009 1574 5112 qqg
