3534 5984
357 701 397 764 72
712 698 906 762 LETTERS
928 698 984 761 OF
1005 696 1206 761 ERASMUS
1467 700 1561 776 [1525

356 873 501 929 extante
515 884 653 946 quorum
667 866 770 945 pratis
783 865 943 945 decerpsit
956 884 1032 927 suos
1046 863 1204 936 flosculos,
1219 863 1304 925 vnde
1318 863 1453 924 corollas
1467 863 1563 925 hasce

313 966 343 1019 55
356 949 534 1010 contexuit.
572 948 704 1009 Praeter
719 948 802 1009 hanc
818 946 1044 1008 difficultatem
1060 946 1161 1008 habet
1176 946 1339 1007 concisum
1355 945 1511 1025 quiddam
1528 953 1563 1007 et

357 1030 544 1109 abruptum,
581 1030 691 1091 subito
725 1029 854 1092 lectoris
890 1030 1035 1090 animum
1070 1035 1296 1089 transmouens
1329 1028 1365 1087 in
1400 1027 1561 1089 diuersam

355 1112 539 1192 regionem
569 1117 608 1173 vt
623 1113 689 1173 iam
706 1130 773 1173 non
789 1111 895 1173 solum
911 1110 1056 1191 requirat
1072 1110 1280 1190 vndiquaque
1297 1109 1431 1171 doctum
1448 1129 1561 1171 verum

356 1194 457 1255 etiam
486 1199 652 1256 attentum
681 1212 719 1255 ιο
749 1192 949 1274 vigilantem.
1001 1191 1148 1272 Denique
1179 1192 1320 1253 Boeotus
1350 1191 1482 1271 quidem
1512 1197 1563 1253 est

357 1273 560 1347 Plutarchus,
586 1273 644 1336 sed
669 1293 780 1336 aurem
805 1276 1014 1354 animumque
1040 1274 1200 1335 Boeotum
1224 1272 1318 1352 longe
1343 1274 1517 1335 submonet
1542 1292 1563 1333 a

309 1356 503 1419 selectione.
542 1357 591 1418 De
608 1357 733 1418 mendis
749 1358 880 1418 interim
895 1355 1099 1418 librariorum
1109 1355 1197 1417 nihil
1213 1354 1331 1428 dicam,
1349 1374 1434 1435 quae
1450 1362 1562 1417 tamen

356 1437 459 1500 veluti
473 1438 616 1501 salebrae
630 1458 696 1500 non
709 1457 784 1499 raro
796 1457 926 1499 cursum
940 1444 1088 1499 nostrum
1101 1444 1282 1499 remoratae
1296 1443 1383 1499 sunt.
1420 1437 1563 1499 Vicimus

355 1520 487 1600 quidem
503 1519 702 1601 permultas;
732 1519 914 1594 nonnullas,
933 1519 990 1581 sed
1008 1519 1185 1581 admodum
1203 1538 1333 1599 paucas,
1351 1518 1563 1580 transiliimus

357 1604 465 1664 verius
487 1621 587 1682 quam
608 1602 842 1663 submouimus.

398 1684 518 1746 Verum
539 1703 667 1745 omnem
688 1682 913 1746 difficultatem
935 1681 1064 1744 abunde
1086 1688 1202 1763 pensat
1223 1682 1348 1744 utilitas
1370 1683 1562 1763 argumenti.

311 1776 343 1838 65
356 1764 504 1828 Socrates
519 1765 756 1845 philosophiam
772 1786 791 1827 e
806 1765 904 1827 coelis
920 1764 1057 1827 deduxit
1071 1765 1107 1825 in
1123 1770 1236 1837 terras,
1254 1763 1447 1826 Plutarchus
1462 1765 1562 1826 intro·

356 1846 452 1909 duxit
478 1848 514 1908 in
540 1846 735 1920 cubiculum,
762 1848 797 1909 in
824 1846 987 1920 conclaue,
1014 1847 1050 1908 in
1076 1846 1238 1908 thalamos
1264 1845 1474 1927 singulorum.
1523 1846 1563 1907 In

357 1928 541 1990 huiusmodi
563 1929 686 2009 campis
708 1948 794 1991 nuno
815 1928 889 1990 ideo
912 1948 1022 1990 versor
1042 1927 1207 2001 libentius,
1230 1927 1319 2008 quod
1340 1947 1380 1990 eo
1401 1927 1564 1990 tumultus

357 2009 486 2072 videam
504 2010 670 2072 deuenisse
687 2029 756 2073 rem
773 2010 1000 2084 Christianam,
1019 2017 1058 2073 vt
1076 2010 1116 2073 de
1134 2010 1262 2073 Christo
1278 2009 1369 2090 loqui
1387 2029 1502 2090 parum
1520 2012 1565 2071 sit

355 2098 478 2166 tutum,
491 2094 561 2154 siue
573 2090 655 2154 bene
666 2091 809 2172 loquaris
821 2094 890 2153 siue
904 2092 987 2153 male
1000 2114 1008 2166 ;
1034 2092 1115 2155 adeo
1127 2090 1189 2154 sub
1201 2093 1290 2154 omni
1301 2091 1409 2173 lapide
1421 2092 1566 2172 scorpius

311 2194 346 2246 70
356 2172 488 2236 dormit.
531 2173 724 2237 Plutarchus
746 2180 857 2237 autem
878 2175 914 2236 in
936 2174 987 2236 his
1007 2173 1123 2236 libellis
1144 2194 1185 2236 ea
1205 2180 1329 2236 tractat
1351 2193 1435 2254 quae
1457 2176 1565 2254 quiuis

356 2255 473 2336 quouis
489 2262 635 2337 tempore
652 2275 729 2318 mox
745 2257 781 2319 in
798 2275 894 2317 vsum
911 2257 1000 2318 vitae
1017 2256 1204 2337 depromere
1221 2257 1333 2336 possit.
1373 2255 1444 2331 Quo
1462 2257 1565 2336 magis

356 2337 499 2399 admiror
513 2337 669 2418 quicquid
685 2338 738 2400 hic
754 2343 850 2400 autor
865 2338 1010 2418 prodidit
1026 2338 1066 2400 de
1083 2339 1236 2412 moribus,
1253 2358 1320 2400 non
1335 2340 1399 2400 teri
1414 2339 1565 2400 manibus

357 2420 512 2492 omnium,
528 2439 595 2482 non
610 2440 631 2481 a
668 2422 752 2482 ueris
767 2420 875 2482 edisci.
914 2420 974 2481 His
989 2426 1076 2482 certe
1090 2419 1216 2494 libellis,
1233 2439 1421 2500 quanquam
1436 2427 1471 2483 et
1486 2420 1563 2482 olim

357 2521 423 2564 non
435 2440 755 2583 indiligenterleetis,
769 2503 875 2564 sentio
890 2522 941 2563 me
955 2502 1100 2564 nonnihil
1114 2502 1296 2582 proiecisse,
1311 2502 1390 2564 dum
1405 2504 1564 2565 attentius

312 2604 343 2658 75
357 2604 451 2647 verso
465 2584 609 2665 dumque
624 2585 766 2665 penitius
780 2584 979 2665 introspicio.

397 2666 483 2730 Sunt
496 2668 579 2728 vitia
592 2686 676 2747 quae
689 2673 838 2729 senectus
852 2666 905 2728 vel
918 2665 1008 2728 tollit
1021 2665 1074 2728 vel
1087 2665 1203 2728 saltem
1218 2666 1358 2746 mitigat.
1393 2666 1564 2729 Caeterum

355 2748 415 2821 ira,
432 2767 532 2828 quam
548 2749 583 2810 in
598 2747 770 2810 iuuenibus
787 2749 876 2810 acuit
892 2749 1056 2829 sanguinis
1072 2748 1180 2810 feruor
1196 2768 1234 2810 ac
1250 2768 1357 2810 rerum
1373 2749 1512 2823 inscitia,
1529 2750 1565 2810 in

356 2830 487 2892 senibus
506 2830 700 2910 repubescit,
721 2831 874 2892 nimirum
894 2830 937 2892 ob
958 2830 1077 2892 aetatis
1096 2830 1362 2904 imbecillitatem,
1380 2832 1442 2892 nisi
1457 2851 1565 2892 rerum

357 2930 435 2973 vsus
453 2932 492 2973 ac
509 2912 730 2992 philosophiae
748 2913 833 2973 ratio
850 2912 1063 2992 pharmacum
1081 2917 1349 2992 praesentaneum
1367 2912 1564 2975 admoueat:

311 3004 345 3052 ιο
357 2994 437 3073 quin
458 3000 493 3055 et
513 2994 710 3055 curiositatis
731 2994 849 3055 vitium
870 2995 1001 3073 vtrique
1021 2995 1124 3056 aetati
1145 2994 1335 3074 pubescenti
1355 2994 1506 3057 videlicet
1527 3014 1565 3057 ιο

356 3076 594 3154 repuerascenti
614 3074 772 3137 familiare
792 3075 932 3149 videtur,
953 3075 1016 3138 nisi
1035 3075 1124 3156 quod
1143 3078 1179 3137 in
1198 3077 1306 3156 pueris
1326 3096 1445 3139 nomen
1465 3077 1566 3139 habet

355 3154 510 3230 leuitatis,
522 3157 557 3218 in
569 3156 699 3218 senibus
710 3158 910 3299 suspicionis.
945 3157 1029 3220 Etsi
1041 3157 1264 3238 Peripateticis
1276 3159 1445 3233 eredimus,
1458 3160 1566 3238 pueris

358 3238 410 3300 hio
430 3237 534 3299 veluti
549 3237 700 3299 stimulus
717 3238 760 3299 ad
794 3245 849 3301 tus
864 3246 916 3302 est
932 3240 975 3301 ad
990 3259 1098 3302 rerum
1114 3241 1341 3321 cognitionem,
1357 3241 1488 3303 senibus
1506 3261 1565 3304 eeu

357 3318 535 3381 remedium
552 3319 707 3382 aduersus
720 3320 903 3402 lethargum
918 3340 956 3383 ιο
970 3322 1151 3396 veternum,
1167 3328 1226 3384 aut
1239 3321 1443 3385 submonitcr
1455 3325 1566 3403 potius

311 3413 342 3476 85
358 3400 513 3462 musteus
534 3403 728 3481 captionem.
772 3403 895 3465 Rerum
917 3403 1095 3465 alienarum
1116 3405 1285 3467 euriositas
1306 3405 1389 3467 adeo
1410 3425 1462 3467 me
1483 3425 1564 3467 nun·

357 3502 457 3563 quam
480 3485 598 3556 tenuit,
623 3490 662 3545 vt
685 3486 888 3564 propriarum
911 3486 1012 3547 etiam
1035 3487 1175 3548 securior
1197 3487 1260 3548 sim
1282 3506 1383 3567 quam
1400 3488 1565 3567 expediat.

356 3564 527 3626 Caeterum
550 3565 651 3627 hassi
672 3566 765 3640 celer,
789 3573 826 3628 at
847 3568 894 3629 sic
916 3573 955 3629 vt
977 3567 1145 3647 placabilis
1166 3588 1279 3631 essem.
1323 3569 1567 3651 Nonnunquam

357 3647 536 3709 anteuertit
555 3647 607 3709 hic
627 3647 763 3711 affectus
783 3668 821 3711 ιο
841 3648 928 3711 tsffie
947 3650 1047 3711 animi
1067 3651 1279 3730 propositum,
1300 3652 1489 3730 praesertim
1509 3652 1566 3714 vbi

357 3728 446 3808 quod
469 3736 622 3809 peccatur
645 3750 720 3792 oum
742 3731 947 3810 impudentia
970 3732 1159 3811 malitiaque
1182 3734 1391 3795 coniunctum
1414 3739 1475 3796 est.
1521 3734 1567 3795 Et

310 3833 345 3882 90
357 3817 469 3874 tamen
482 3831 585 3874 vnum
598 3832 616 3875 e
630 3813 742 3892 paucis
755 3833 824 3875 esse
839 3833 891 3875 me
904 3820 987 3894 puto
1000 3814 1058 3895 qui
1071 3816 1232 3895 grauatim
1247 3834 1285 3877 ιο
1298 3816 1381 3877 serio
1395 3815 1567 3878 discedunt

357 3893 400 3955 ab
417 3895 570 3967 amicitia,
587 3895 708 3975 quique
724 3896 908 3976 capitaliter
922 3896 1010 3970 laesi,
1027 3896 1126 3977 idque
1141 3916 1207 3958 non
1223 3896 1332 3970 semel,
1348 3905 1485 3977 possunt
1500 3917 1566 3959 non

356 3982 578 4056 μησαακῆσαι.
623 3977 783 4039 Fortassis
795 3984 873 4040 tuae
886 3979 1078 4058 prudentiae
1090 3979 1273 4060 ingeniique
1288 3978 1418 4041 lenitati
1435 3999 1501 4041 non
1516 3987 1567 4041 est

358 4077 439 4137 opus
466 4058 587 4120 talibus
613 4059 772 4133 remediis,
799 4061 862 4121 uisi
888 4061 977 4140 quod
1004 4067 1136 4123 tantum
1162 4062 1366 4142 negociorum
1392 4062 1567 4124 sustinenti

357 4139 541 4218 perdifficile
551 4145 602 4201 est
612 4158 679 4202 non
689 4139 767 4201 alibi
777 4144 984 4205 commoneri.
1016 4143 1110 4206 Certe
1120 4143 1227 4205 nullus
1238 4143 1567 4205 estmortalinmtam

309 4242 341 4295 95
357 4220 526 4281 absolutus
540 4227 579 4282 vt
592 4239 658 4282 non
672 4220 794 4283 habeat
806 4241 872 4302 qno
886 4223 1045 4303 proficiat,
1059 4226 1160 4287 etiam
1174 4226 1201 4286 si
1215 4224 1300 4287 desit
1313 4224 1402 4305 quod
1415 4226 1566 4306 corrigat.

358 4301 445 4362 Bene
462 4300 544 4375 vals,
563 4302 613 4362 vir
629 4301 812 4365 clarissime.
851 4303 997 4367 Basileae
1013 4306 1116 4385 pridie
1131 4307 1192 4368 cal.
1211 4307 1323 4369 Maias.
1341 4307 1437 4369 Anno
1455 4321 1544 4386 1525.

388 4431 428 4496 5⁸·
447 4432 538 4484 aas:
564 4434 665 4485 Boetus
679 4438 706 4490 β.
871 4437 1020 4501 59·⁶1113=
1042 4439 1156 4490 Beatum
1165 4442 1192 4494 β.
1360 4453 1401 4506 75.
1418 4442 1565 4507 penitusfl.

357 4498 398 4549 82.
416 4501 452 4553 βε
472 4499 591 4550 lenitatis
601 4518 624 4552 n.

390 4672 431 4738 87.
450 4670 672 4752 lmen-Chilon
685 4674 735 4739 sp.
750 4689 771 4751 i.
785 4687 826 4725 20.
839 4688 879 4740 25.
989 4692 1071 4756 mony¹
1089 4680 1137 4741 (ιν.
1161 4680 1279 4744 538-40).
1326 4679 1375 4745 aa
1396 4694 1406 4731 1
1412 4694 1566 4797 swa-3,

389 4752 430 4800 91.
450 4739 485 4790 ab
503 4738 633 4801 amicitia]
650 4739 703 4791 For
720 4739 774 4789 tha
791 4745 937 4819 coustsney
988 4749 1120 4795 mentions
1136 4745 1249 4796 another
1265 4745 1368 4795 feature
1384 4744 1413 4796 ol
1497 4747 1566 4797 mus’

356 4803 390 4854 cl.
412 4805 462 4869 llp.
488 4804 561 4868 1840.
583 4804 638 4865 lin,
658 4806 712 4855 and
733 4805 840 4856 Beatus'
862 4811 936 4856 testr-
986 4810 1112 4860 relations
1124 4810 1361 4863 withhisiriends.
