3534 5984
376 676 439 737 lca
793 670 1020 734 APPIINDIX
1041 670 1157 733 XVIII

418 856 506 918 Haec
517 855 572 916 vbi
583 875 623 917 ex
635 854 735 917 fratre
745 856 916 935 comperio,
928 861 966 916 vt
977 855 1056 916 mihi
1066 855 1197 934 quidem
1208 856 1326 917 accidit
1336 858 1583 936 optatissimum

329 968 364 1017 ⁴0
376 947 410 1001 te
429 940 514 1000 inter
534 938 660 999 Erasmi
678 937 839 999 studiosos
857 938 989 1009 censeri,
1009 938 1057 998 ita
1074 937 1156 998 illud
1175 937 1216 999 de
1235 957 1331 1000 suasu
1351 938 1457 1019 deque
1476 940 1584 1003 salute

377 1022 457 1083 meis
470 1020 576 1082 verbis
590 1039 641 1081 me
655 1040 713 1081 nec
725 1019 857 1081 lubente
871 1039 929 1080 nec
943 1019 1063 1080 sciente
1077 1019 1241 1099 adscripta
1252 1021 1358 1082 visum
1370 1028 1433 1094 est,
1446 1022 1583 1102 nequid

377 1103 483 1165 dicam
516 1103 655 1181 grauius,
684 1102 825 1181 potuisse
853 1101 1051 1162 commodius
1078 1102 1313 1181 praetermitti;
1348 1122 1466 1183 nempe
1494 1105 1583 1184 quod

378 1186 512 1247 Erasmo
536 1203 648 1245 ansam
673 1183 861 1262 suspitionis
885 1184 1128 1255 ministrauerit‚
1154 1185 1247 1263 quasi
1271 1204 1321 1245 res
1344 1185 1431 1246 inter
1455 1206 1517 1248 nos
1542 1187 1583 1248 de

377 1273 545 1347 compacto
565 1272 704 1345 geratur,
726 1266 881 1407 quasique
901 1284 961 1344 ego
981 1264 1043 1325 tibi
1063 1285 1229 1326 censuram
1249 1266 1284 1327 in
1303 1266 1395 1328 illum
1416 1270 1583 1330 exercenti

329 1368 361 1420 45
376 1366 506 1430 operam
517 1348 601 1410 dem.
634 1346 688 1409 Ita
697 1347 731 1407 vi
754 1346 848 1408 elicet
861 1346 1025 1427 solet'Arq
1034 1347 1091 1407 illa
1102 1346 1272 1409 Homerica
1282 1347 1440 1410 bonorum
1451 1350 1581 1429 plerun-

377 1451 439 1511 que
470 1429 741 1510 tranquillitatem
773 1427 913 1489 turbare.
966 1427 1020 1490 Ita
1039 1430 1118 1509 Ἔρις
1149 1431 1323 1492 exercitare
1353 1430 1469 1525 iurgia,
1502 1432 1583 1494 dum

377 1513 470 1574 nobis
486 1532 551 1573 non
567 1518 619 1571 sat
635 1512 734 1573 estin
751 1510 865 1572 alienis
880 1509 1043 1572 laboribus
1058 1530 1173 1590 cupere
1188 1511 1368 1590 ingeniosos
1384 1512 1501 1585 videri,
1518 1515 1582 1576 m'si

377 1594 543 1657 nobiscum
560 1594 658 1655 etiam
676 1598 829 1689 χειμάρρου
842 1595 922 1672 δίκην
934 1599 1030 1654 notos
1042 1593 1135 1655 iuxta
1148 1599 1246 1672 atque
1259 1593 1386 1673 ignotos
1404 1595 1580 1674 rapiamus,

377 1677 553 1756 eademque
579 1675 757 1754 suspitione
784 1674 987 1735 inuoluamus
1014 1674 1095 1737 nihil
1121 1674 1188 1737 tale
1215 1676 1405 1754 cogitantes.
1456 1677 1485 1737 A
1515 1696 1581 1757 quo

333 1778 366 1830 50
378 1777 491 1838 genere
509 1758 676 1819 hominum
694 1757 848 1837 quoniam
866 1763 901 1818 te
918 1755 1101 1835 longissime
1120 1756 1230 1818 abesse
1248 1755 1427 1818 fraternum
1446 1757 1487 1819 de
1507 1779 1580 1839 pro

379 1840 482 1902 bitatc
500 1847 560 1901 tua
576 1839 716 1919 elogium
735 1839 904 1918 persuasit,
922 1837 1005 1899 libet
1022 1839 1131 1918 potius
1149 1838 1304 1917 quicquid
1321 1839 1354 1899 id
1373 1839 1419 1900 sit
1437 1840 1528 1919 quod
1547 1848 1582 1903 te

378 1922 471 1983 adid
490 1920 693 1983 scribendum
710 1919 851 1999 impulit,
870 1920 946 1981 boni
964 1918 1136 1992 consulere,
1156 1939 1194 1981 ac
1211 1921 1246 1981 in
1264 1921 1409 1982 animum
1426 1921 1581 1984 inducere

378 2023 399 2064 a
415 2011 449 2065 te
465 2002 559 2064 officii
576 2022 673 2064 causa
689 2002 854 2081 scriptum,
872 2001 950 2063 dum
966 2001 1061 2062 fratri
1077 2002 1199 2082 optime
1215 2002 1256 2065 de
1272 2009 1307 2064 te
1322 2010 1357 2064 et
1372 2004 1531 2065 sentienti
1547 2011 1581 2066 et

379 2085 559 2165 predicanti
575 2083 699 2164 placere
713 2083 834 2146 studes.

333 2186 362 2238 55
418 2166 467 2229 De
480 2165 589 2228 libello
602 2184 799 2244 veroquam
814 2165 957 2227 nondum
973 2164 1103 2244 quidem
1121 2165 1229 2226 videre
1246 2165 1359 2227 datum
1376 2166 1430 2238 sit,
1447 2186 1516 2229 non
1530 2176 1582 2229 est

378 2249 465 2328 quod
478 2250 546 2329 ipse
560 2248 751 2309 alterutram
764 2248 798 2308 in
817 2254 944 2327 partem
958 2247 1174 2326 pronunciem.
1218 2247 1318 2309 Porro
1331 2247 1484 2309 Erasmus
1498 2249 1581 2329 quid

378 2331 500 2393 sentiat
518 2330 661 2410 quidque
681 2349 731 2391 me
751 2336 790 2391 vt
808 2336 842 2390 te
862 2347 1010 2390 moneam
1030 2328 1188 2402 hortetur,
1209 2329 1296 2391 malo
1315 2349 1356 2391 ex
1374 2330 1443 2392 eius
1462 2330 1506 2390 ad
1528 2351 1581 2393 mc

375 2412 496 2474 litteris
514 2431 696 2493 cognoscas,
717 2410 833 2491 quibus
851 2411 907 2473 ille
927 2410 1030 2472 veluti
1048 2410 1136 2490 apud
1155 2430 1207 2473 me
1226 2430 1355 2472 causam
1376 2411 1494 2485 dicens,
1515 2413 1581 2475 tibi

377 2494 570 2575 respondet:
599 2513 710 2556 earum
727 2492 909 2572 exemplum
927 2493 1001 2554 huic
1019 2493 1174 2571 epistolae
1192 2492 1335 2555 adiunxi.
1374 2493 1442 2555 Neo
1460 2495 1581 2556 mirum

330 2576 439 2639 aotibi
466 2577 569 2639 videri
594 2576 702 2648 debet,
729 2576 756 2636 si
784 2575 1037 2637 admonitionem
1064 2581 1156 2635 tuam
1183 2594 1350 2653 synceram
1376 2575 1499 2655 alioqui
1528 2580 1581 2653 (vt

377 2658 503 2721 credere
522 2678 582 2738 par
598 2661 661 2733 est)
678 2664 714 2719 et
731 2656 915 2728 officiosam,
933 2676 975 2718 ex
991 2656 1146 2717 similium
1164 2656 1438 2719 conflictationum
1457 2665 1580 2720 euentu

377 2747 502 2821 spectet
527 2740 664 2802 forsitan
691 2739 852 2811 Erasmus,
880 2757 962 2818 quas
989 2737 1124 2799 blandas
1150 2739 1289 2817 primum
1316 2745 1351 2799 et
1374 2738 1580 2802 illecebrosas

377 2824 484 2884 exitus
504 2822 680 2902 plenmque
700 2821 845 2900 excipere
868 2819 951 2882 solet
974 2818 1204 2882 amarulentus.
1250 2820 1411 2882 Occalluit
1433 2821 1499 2882 iam
1520 2820 1579 2883 diu

377 2911 549 2967 veteranus
566 2903 802 2984 pancraciastes
819 2901 1002 2963 istiusmodi
1018 2902 1130 2981 plagis,
1150 2922 1207 2963 nec
1224 2901 1274 2962 illi
1290 2902 1355 2962 iam
1374 2909 1484 2982 potest
1501 2903 1580 2964 talis

330 2993 362 3057 ⁶5
376 2986 537 3048 industria
553 3006 618 3047 non
635 3006 703 3047 esse
720 2984 938 3055 formidolosa,
956 2983 1034 3045 dum
1052 3002 1147 3045 nemo
1163 2985 1193 3045 ei
1210 2983 1366 3046 hactenus
1382 2985 1417 3045 in
1435 2984 1486 3045 his
1502 3005 1578 3047 con-

377 3067 591 3147 gressionibus
621 3067 725 3129 cauda
754 3065 928 3145 primulum
959 3064 1153 3138 adlubuerit,
1184 3066 1263 3145 quin
1291 3065 1407 3127 deinde
1434 3065 1579 3128 infixerit

377 3150 560 3229 genuinum.
596 3148 635 3209 Id
654 3156 692 3209 vt
710 3167 731 3208 a
744 3155 778 3209 te
796 3148 929 3210 minime
942 3148 1050 3209 timeri
1068 3146 1196 3220 debeat,
1213 3153 1322 3209 tamen
1337 3149 1382 3209 sic
1395 3154 1446 3209 est
1459 3155 1579 3210 natura

377 3236 610 3310 comparatum,
626 3237 665 3292 vt
679 3230 837 3291 malorum
852 3229 904 3291 cul
928 3248 948 3289 a
962 3229 1039 3291 boni
1052 3229 1130 3290 item
1146 3230 1323 3309 suspitione
1337 3229 1495 3291 laborent.

419 3311 524 3385 Quare
534 3311 632 3373 facies
642 3318 680 3372 tu
691 3311 822 3392 quidem
834 3330 879 3390 qu
932 3319 965 3373 te
976 3311 1110 3391 dignum
1119 3318 1180 3384 est,
1192 3312 1220 3372 si
1230 3312 1331 3372 animi
1341 3313 1391 3373 tui
1401 3313 1577 3391 syncerita

332 3415 365 3469 70
378 3399 445 3455 tem
455 3393 582 3454 inuersa
592 3393 661 3453 stili
669 3394 859 3466 intentione,
869 3413 926 3454 seu
938 3392 1037 3472 (quod
1048 3392 1201 3454 Erasmus
1211 3394 1271 3468 ait)
1283 3399 1410 3454 mutato
1421 3394 1579 3456 orationis

377 3475 492 3548 colore,
509 3474 658 3548 declares,
677 3475 831 3536 aduersus
845 3495 901 3537 eos
917 3475 1171 3554 disputationem
1186 3474 1277 3536 illam
1293 3482 1385 3537 tuam
1403 3475 1579 3537 instituens

378 3558 434 3637 qui
448 3557 613 3619 Erasmica
626 3576 771 3637 peruerse
789 3558 1053 3637 interpretantur.
1092 3555 1146 3618 Ita
1164 3557 1226 3618 tibi
1243 3577 1302 3619 nec
1315 3576 1414 3636 opera
1434 3558 1577 3637 perierit,

376 3647 412 3701 et
432 3639 475 3700 ab
497 3639 632 3700 Erasmo
652 3640 722 3719 ipso
743 3645 815 3700 tum
836 3639 938 3700 etiam
960 3657 980 3698 a
1001 3638 1106 3701 doctis
1128 3639 1276 3700 omnibus
1297 3658 1457 3700 summam
1478 3639 1579 3701 inibis

377 3722 525 3802 gratiam.
572 3722 680 3801 Atque
704 3722 831 3783 vtinam
858 3740 915 3801 per
940 3720 1093 3782 barbaras
1118 3720 1212 3782 hasce
1238 3739 1326 3783 meas
1351 3741 1429 3784 occu
1472 3721 1579 3783 tiones

332 3824 362 3879 75
377 3804 601 3899 pateretmihi,
611 3803 745 3876 vtolim,
755 3802 915 3864 aditusad
924 3802 1186 3864 sacraMusarum
1194 3802 1393 3883 penetralis!
1453 3804 1578 3865 orsitan

301 3949 305 3965 ‚
376 3885 411 3946 1d
424 3885 609 3965 prouinciae
622 3885 765 3946 maxima
777 3884 908 3964 quidem
925 3884 953 3945 si
966 3904 1032 3948 non
1044 3884 1211 3958 facultate,
1228 3891 1314 3947 certe
1328 3885 1429 3947 animi
1444 3891 1576 3948 conten·

377 3968 465 4029 tione
491 3967 707 4046 suscepissem.
751 3966 791 4027 Id
816 3973 854 4027 tu
879 3986 953 4029 cum
977 3973 1012 4028 et
1037 3966 1098 4028 ocii
1124 3966 1331 4046 placidissimi
1354 3974 1390 4029 et
1410 3966 1579 4030 doctrinae

376 4049 555 4111 uberrimae
588 4047 802 4110 amminiculis
835 4047 961 4110 facilius
995 4054 1137 4128 prestare
1170 4068 1279 4128 queas,
1313 4049 1448 4110 iniurius
1481 4048 1578 4128 plane

375 4130 530 4193 studiosis
548 4130 696 4192 omnibus
714 4129 813 4192 fueris
831 4131 865 4191 ni
883 4129 1011 4193 efficias.
1052 4129 1187 4192 Interim
1206 4137 1317 4193 tamen
1334 4130 1427 4192 dabis
1445 4150 1577 4211 operam

330 4219 415 4277 sort
439 4212 591 4274 Erasmus
615 4213 759 4273 animum
784 4219 877 4274 tuum
901 4211 1066 4291 intelligat
1089 4213 1202 4274 mitem
1226 4221 1261 4276 et
1283 4213 1377 4293 longe
1401 4232 1422 4272 a
1445 4217 1577 4274 conten·

375 4294 520 4356 tionibus
537 4293 772 4356 abhorrentem.
811 4293 863 4356 Me
880 4314 958 4355 vero
974 4295 1023 4355 ita
1098 4294 1174 4357 thac
1192 4296 1296 4357 vtitor
1313 4302 1352 4357 vt
1368 4294 1497 4356 homine
1515 4295 1579 4356 tibi

375 4383 410 4438 et
424 4376 590 4438 doctrinae
605 4383 640 4438 et
655 4376 827 4456 probitatis
842 4376 971 4437 nomine
986 4374 1009 4436 d
1052 4377 1196 4438 'tissime

416 4457 506 4530 Vale,
522 4456 695 4531 Granatae,
711 4457 814 4537 pridie
830 4458 874 4519 lrl.
891 4459 1041 4537 Augusti,
1057 4459 1224 4520 mlaxxvi.

818 4614 860 4663 39.
878 4600 1052 4664 optatismum
1063 4597 1124 4649 MS.
