3534 5984
379 740 420 800 se
734 740 929 804 narrans
950 741 1006 804 or
1027 739 1228 803 decenus
1489 741 1584 817 [1525

378 906 420 958 ior
431 908 485 959 thie
495 908 575 959 letter
584 908 685 961 follows
694 910 728 971 N,
738 914 811 961 must
819 909 888 961 have
896 909 1020 961 detected
1029 908 1074 959 the
1083 909 1239 972 inaceuracy
1249 907 1276 958 oi
1286 908 1331 958 tbe
1340 905 1452 957 madon
1461 910 1521 956 text
1529 906 1585 957 and

379 972 448 1024 bave
457 975 578 1025 reverteri
589 979 619 1025 to
632 975 678 1026 the
691 976 784 1027 earlier
797 975 907 1027 edition.
939 975 1095 1034 Elsewhere,
1108 989 1157 1039 eg.
1173 974 1201 1023 in
1215 975 1284 1038 Epp
1300 974 1332 1024 28
1351 1010 1357 1021 .
1376 986 1432 1034 149,
1450 986 1521 1036 1109.
1538 976 1582 1036 36,

378 1038 433 1090 and
443 1040 471 1090 in
482 1056 564 1105 many
574 1040 652 1091 other
662 1043 757 1107 places,
770 1042 854 1093 where
866 1042 900 1093 be
910 1040 1066 1108 reproduoee
1078 1040 1124 1091 the
1134 1054 1219 1090 errore
1230 1038 1258 1090 oi
1269 987 1363 1097 bend,
1375 1038 1398 1088 it
1408 1038 1430 1088 is
1442 1038 1511 1089 clear
1523 1037 1585 1088 that

379 1104 441 1155 that
451 1110 511 1157 text
519 1106 613 1157 served
624 1106 680 1157 him
689 1106 731 1159 ior
741 1107 781 1159 bie
791 1106 923 1174 original]

567 1260 721 1307 melivs
740 1260 992 1307 mussonfflvs
1012 1258 1138 1304 unnim
1158 1258 1298 1302 BBDDAE
1319 1259 1347 1303 S.
1360 1258 1394 1301 D.

419 1357 498 1420 Non
522 1361 658 1433 sumis,
684 1361 735 1421 vir
759 1361 892 1440 optime,
918 1360 975 1440 qui
999 1358 1119 1420 soleam
1145 1357 1185 1419 de
1210 1376 1375 1437 quoquam
1401 1358 1585 1436 opinionem

377 1440 542 1503 sinistram
557 1443 735 1522 concipere,
752 1444 786 1504 ni
801 1462 852 1504 res
866 1444 939 1522 ipsa
955 1440 1063 1521 pelam
1079 1446 1247 1519 comperta
1262 1446 1358 1520 cogat
1372 1437 1407 1500 in
1423 1438 1585 1501 diuersam

377 1524 583 1586 sententiam.
618 1523 843 1586 Delationibus
855 1524 928 1586 istis
942 1522 1128 1603 vulgaribus
1141 1521 1222 1583 nihil
1235 1540 1377 1594 moueor,
1391 1521 1585 1599 suspitiones

378 1605 458 1667 nihil
472 1624 588 1679 moror,
600 1626 638 1668 ac
648 1626 689 1669 ne
699 1606 823 1668 iniuriis
833 1605 964 1686 quidem
975 1604 1188 1667 mediocribus
1198 1610 1233 1664 et
1243 1603 1393 1665 humanis
1403 1603 1585 1682 perturbor.

351 1686 523 1768 sNegligo,
542 1688 719 1762 dissimulo,
737 1708 867 1761 excuso,
886 1686 1048 1767 suspendo
1065 1687 1271 1759 sententiam,
1290 1685 1393 1748 donec
1412 1685 1585 1747 manifesta

378 1771 524 1849 prauitas
540 1770 669 1849 saepius
685 1770 885 1850 deprebensa
901 1768 1075 1849 compellat
1092 1788 1143 1830 me
1160 1768 1266 1829 dicere
1286 1767 1381 1830 ‘Non
1398 1775 1550 1846 putaram
1564 1767 1583 1828 ’.

379 1850 491 1931 Neque
504 1852 677 1931 quicquam
691 1853 830 1914 arbitror
842 1854 945 1933 magis
956 1851 1142 1913 indecorum
1156 1850 1278 1911 bomini
1290 1849 1473 1911 Christiano
1485 1868 1584 1930 quam

378 1952 481 2012 quum
492 1940 567 2012 post
577 1941 698 1997 temere
709 1941 893 2014 susceptam
904 1934 1025 2014 diuque
1035 1932 1139 1994 iotam
1150 1931 1191 1993 de
1203 1932 1351 2011 proximo
1361 1931 1584 2011 suspitionem,

379 2020 454 2093 post
473 2015 657 2094 impetitam
678 2017 789 2078 multis
809 2017 962 2079 conuiciis
981 2016 1105 2077 innoxii
1124 2014 1257 2087 famam,
1278 2013 1412 2078 tandem
1432 2022 1585 2093 expertus

335 2122 367 2161 10
378 2115 453 2158 eum
471 2095 566 2177 longe
584 2096 684 2160 alium
702 2118 771 2160 esse
789 2118 889 2178 quam
907 2098 1098 2179 imaginatio
1115 2096 1265 2169 finxerat,
1285 2095 1365 2157 dicit
1381 2095 1433 2158 ‘N
1434 2115 1476 2157 on
1490 2102 1583 2174 puta-

378 2197 449 2241 ram
462 2178 481 2240 ’.
530 2178 648 2259 Itaque
673 2199 861 2260 quanquam
888 2186 965 2243 ante
991 2178 1171 2258 complures
1197 2197 1299 2239 annos
1324 2177 1440 2239 solitus
1465 2197 1537 2239 sum
1565 2198 1585 2239 a

379 2259 490 2322 multis
509 2261 652 2341 accipere
669 2260 780 2324 literas
798 2281 914 2342 parum
933 2262 1071 2324 amicam
1090 2261 1183 2322 dete
1203 2260 1399 2322 mentionem
1418 2259 1584 2333 iacientes,

377 2348 489 2404 tamen
501 2343 581 2404 nihil
592 2362 644 2405 me
654 2351 901 2407 commouerunt
911 2364 977 2425 quo
988 2344 1095 2406 minus
1107 2341 1253 2410 Beddam
1265 2342 1387 2403 bonum
1398 2341 1584 2421 theologum

378 2443 417 2487 ao
441 2424 563 2487 bonum
588 2426 695 2488 virum
718 2426 905 2489 iudicarem.
952 2426 1035 2488 Eam
1060 2425 1243 2504 opinionem
1269 2430 1430 2486 auxerunt
1456 2423 1585 2485 Beraldi

335 2529 364 2583 ις
379 2507 442 2569 mei
455 2507 578 2582 literae,
593 2509 684 2572 cuius
697 2509 817 2571 iudicio
830 2529 908 2571 sane
921 2507 1031 2570 tribuo
1046 2506 1230 2587 plurimum.

419 2588 558 2652 Proinde
578 2610 766 2672 quanquam
786 2592 821 2653 in
842 2592 909 2653 tuis
929 2590 1031 2652 literis
1051 2597 1145 2652 erant
1166 2606 1297 2667 aspersa
1317 2587 1478 2667 quaedam
1499 2607 1585 2668 quae

377 2671 619 2735 subindicarent
638 2681 672 2735 te
691 2694 758 2736 non
777 2675 900 2754 optime
919 2673 1038 2736 sentire
1057 2672 1098 2734 de
1118 2691 1180 2745 me,
1200 2678 1312 2731 tamen
1331 2670 1485 2750 quoniam
1505 2670 1585 2731 mihi

377 2772 565 2833 persuasum
581 2762 632 2817 ast
646 2756 712 2818 ista
727 2757 788 2819 tibi
803 2756 900 2818 scribi
914 2774 1050 2836 synoero
1088 2773 1211 2832 uroque
1227 2753 1346 2825 animo,
1362 2771 1403 2813 ne
1418 2752 1584 2815 tantulum

377 2836 508 2916 quidem
535 2836 750 2911 offenderunt,
777 2858 835 2899 nec
861 2845 896 2899 te
922 2837 1001 2898 mihi
1027 2772 1088 2898 vel
1105 2834 1172 2915 pilo
1197 2834 1340 2896 reddunt
1363 2834 1583 2914 ingratiorem.

331 2917 600 2981 aoTotiesinbac
609 2920 747 2997 epistola
754 2939 826 2980 sum
836 2919 898 2980 tibi
907 2918 1112 2979 charissimus
1119 2916 1231 2989 irater,
1241 2935 1300 2977 nec
1309 2922 1421 2977 tamen
1429 2915 1584 2996 collegam

378 3001 523 3078 agnoscis
531 3001 593 3061 nisi
601 3001 896 3081 sympresbytaron,
906 3002 1096 3082 συνθεολόγον
1105 3018 1170 3060 non
1179 2998 1343 3077 agnoscie;
1363 3017 1465 3077 quum
1473 3005 1584 3059 tamen

379 3080 439 3142 hoc
453 3081 543 3143 tituli
556 3081 635 3142 mihi
648 3101 713 3144 non
725 3082 903 3143 inuiderint
915 3101 974 3144 nec
988 3080 1053 3142 Leo
1067 3100 1125 3142 nec
1138 3080 1294 3152 Clemens,
1309 3099 1346 3140 ac
1364 3099 1405 3141 ne
1424 3079 1585 3141 Adrianus

378 3161 533 3324 titali
555 3164 1034 3325 immittit?
1058 3161 1273 3306 liliis
1286 3161 1585 3323 inimi

332 3348 363 3400 ²5
379 3325 511 3405 quidem
533 3346 685 3407 agnosces
706 3328 769 3388 nisi
790 3328 907 3388 eximie
929 3329 1030 3407 pium.
1074 3327 1120 3388 At
1141 3292 1203 3406 ego
1223 3345 1300 3387 sane
1321 3325 1448 3404 longius
1470 3324 1585 3387 absum

379 3426 400 3469 a
426 3408 549 3486 pietate
575 3428 674 3488 quam
702 3409 745 3471 ab
771 3409 962 3485 eruditione,
989 3409 1067 3471 licet
1092 3410 1127 3469 in
1153 3408 1298 3470 studium
1326 3408 1459 3487 pietatis
1486 3426 1585 3487 quam

377 3489 567 3552 eruditionis
580 3492 776 3570 propensior.
812 3491 967 3554 Indootos
979 3492 1094 3571 recipit
1108 3490 1205 3564 Deus,
1220 3490 1336 3569 impios
1349 3509 1415 3555 non
1429 3490 1585 3569 agnoscit.

378 3570 463 3635 Sunt
482 3578 517 3634 et
537 3572 602 3634 alia
621 3574 782 3654 quaedam
802 3593 887 3654 quae
908 3574 1061 3636 videntur
1081 3592 1147 3635 non
1167 3592 1275 3634 carere
1295 3571 1408 3652 figma,
1429 3571 1486 3632 sed
1507 3571 1585 3632 mihi

377 3673 566 3734 persuasum
589 3662 640 3717 est
661 3657 825 3737 ingenium
847 3664 944 3719 tuum
967 3655 1010 3718 ab
1034 3654 1217 3717 huiusmodi
1239 3654 1381 3734 strophis
1403 3653 1585 3733 longissime

332 3761 366 3813 30
378 3736 510 3800 abesse:
538 3738 669 3818 quodsi
684 3759 775 3801 secus
793 3738 904 3812 habet,
921 3758 994 3800 mea
1008 3738 1160 3799 nimirum
1175 3737 1285 3816 opinio
1300 3736 1474 3815 plurimum
1492 3734 1586 3795 abest

378 3839 496 3882 avere.
529 3820 659 3903 Alioqui
670 3823 698 3883 si
710 3823 850 3884 maxime
862 3821 968 3883 affinis
978 3840 1080 3883 essem
1091 3819 1212 3882 talibus
1223 3818 1357 3893 cauillis,
1369 3837 1435 3880 non
1447 3816 1585 3879 arbitror

377 3908 470 3966 tuam
495 3903 702 3983 prudentiam
726 3906 776 3967 his
796 3904 879 3967 velle
900 3904 950 3965 vti
970 3923 1047 3984 erga
1066 3922 1140 3965 eum
1161 3902 1219 3983 qui
1238 3900 1427 3982 simpliciter
1446 3919 1484 3960 ac
1506 3918 1584 3977 pure

376 3985 437 4046 scri
479 3986 485 4000 '
539 3993 565 4059 t,
579 4006 639 4048 nec
652 3986 752 4049 alium
765 3993 800 4049 te
813 3985 1062 4066 velleprsebere
1075 3984 1502 4065 quamisteexistimasset.

447 4067 544 4129 ideris
559 4075 669 4130 autem
684 4069 746 4131 tibi
762 4069 956 4148 persuasisse
972 4068 1143 4129 Erasmum
1158 4086 1227 4128 esee
1242 4064 1405 4145 quendam
1419 4064 1584 4125 sitientem

333 4170 346 4221 3
350 4167 363 4218 5
377 4148 561 4210 mundanae
570 4148 700 4229 gloriae,
709 4151 829 4231 ingenii
839 4151 1013 4231 pertinacis
1022 4156 1057 4213 et
1066 4148 1212 4211 indocilis
1226 4166 1233 4219 ;
1256 4145 1398 4218 adhaec,
1409 4143 1585 4205 scribendis

375 4227 466 4289 libris
481 4230 652 4292 inutilibus
667 4232 842 4304 intentum,
859 4252 926 4294 non
942 4234 1023 4294 satis
1038 4232 1180 4310 cogitare
1196 4228 1237 4289 de
1254 4228 1304 4289 hie
1320 4246 1404 4306 quae
1421 4226 1585 4304 pertinent

377 4308 420 4370 ad
435 4312 538 4372 vitam
552 4311 709 4375 futuram.
745 4314 813 4377 Scis
827 4315 907 4393 ipse,
923 4315 973 4375 vir
986 4313 1120 4393 egregie,
1134 4310 1215 4371 nihil
1229 4328 1298 4371 esse
1311 4306 1470 4369 difficilius
1485 4326 1584 4385 quam

376 4390 518 4455 iudicare
534 4393 574 4455 de
590 4395 706 4472 spiritu
722 4394 837 4468 alieno,
854 4415 956 4476 quum
973 4394 1092 4457 Paulus
1108 4411 1174 4453 non
1190 4391 1277 4452 ausit
1291 4390 1391 4451 stiam
1406 4387 1447 4449 de
1463 4408 1497 4450 se
1512 4390 1584 4468 ipso

375 4473 528 4536 iudicare.
567 4474 687 4538 Verum
702 4477 768 4540 ista
783 4477 921 4539 iomasse
938 4476 1000 4538 tibi
1016 4473 1176 4556 persuasit
1192 4472 1318 4534 delator
1334 4469 1460 4549 aliquis,
1479 4477 1517 4532 vt
1535 4471 1584 4531 his

328 4572 366 4623 40
376 4557 577 4637 temporibus
605 4558 726 4639 vbique
753 4565 892 4638 regnant
919 4557 1023 4620 malae
1049 4556 1189 4636 linguae.
1239 4554 1284 4616 Et
1311 4552 1380 4614 fieri
1408 4559 1518 4633 potest
1546 4559 1585 4614 vt

410 4780 435 4829 d
455 4775 776 4843 Nonputaram10i.lip.
792 4778 864 4827 1161.
882 4790 940 4837 14n.
1072 4772 1217 4835 Adrianus]
1258 4772 1431 4837 Presumably
1472 4773 1499 4822 in
1537 4771 1582 4821 the

414 4844 561 4922 taliterne
583 4841 953 4896 Oitbeeethereienotrace.
1006 4840 1150 4900 addresaea,
1167 4837 1253 4890 which
1271 4853 1314 4888 are
1332 4839 1448 4903 missing,
1466 4844 1495 4887 to
1514 4838 1581 4901 Epp.

412 4921 452 5027 lg.
469 4909 565 5035 lim
573 4909 757 5025 &soffia
1008 4920 1081 5023 ¹333:
1096 4908 1196 5037 1113933111]
1218 4967 1310 5018 Veiled
1334 4969 1514 5019 insinuation:
1547 4968 1580 5018 oi.

410 5054 452 5093 22.
471 5038 537 5101 Iao]
613 5040 720 5102 864tit.
1007 5035 1079 5087 Suet.
1097 5037 1170 5101 Veep.
1186 5033 1312 5157 ιῗλὶοπι
1330 5049 1367 5085 10.

444 5105 564 5157 clerum
587 5105 637 5173 Ep.
653 5105 725 5170 1588.
737 5106 778 5156 61.
1040 5102 1080 5164 38.
1099 5102 1198 5153 Paulas
1223 5098 1305 5151 1001.
1316 5115 1341 5163 4.
1353 5114 1377 5163 3.
