3534 5984
345 694 406 756 216
701 692 895 757 muniis
916 691 972 757 01⁴·
993 692 1193 757 ERASMUS
1455 695 1549 773 [1525

299 860 491 940 4csimsqne
499 861 679 940 impostura
688 860 847 939 ascriptus
856 864 917 921 est.
947 857 1069 920 Hiduo
1077 857 1151 920 libri
1161 856 1317 920 Gratiano
1325 859 1551 938 imposuerunt

347 941 482 1021 aliisque
507 941 668 1005 Ecclesiae
715 941 888 1014 roceribus,
914 939 1075 1003 horrendo
1098 939 1161 1001 Dei
1185 939 1314 1013 iudicio,
1340 958 1379 1001 eo
1405 946 1552 1021 tempore

346 1042 448 1104 quum
467 1024 534 1085 iam
553 1024 662 1087 ArIsto
710 1024 750 1086 'oi
769 1023 872 1085 videri
891 1021 974 1085 velle
994 1028 1166 1102 coeperant
1185 1021 1379 1083 Parisienses
1398 1022 1552 1103 theologi,

347 1105 431 1169 sedis
445 1105 612 1169 Romanae
625 1111 660 1169 et
673 1112 872 1168 caeterarum
886 1104 1136 1166 vniuersitatum
1149 1103 1226 1166 dece
1249 1108 1346 1166 tores.

389 1186 483 1261 Quod
493 1194 604 1250 autem
613 1188 709 1250 hodie
718 1188 852 1268 quidam
862 1187 968 1250 dicere
977 1204 1044 1249 non
1053 1186 1195 1258 horrent,
1209 1122 1413 1248 ‘hiscimus
1424 1184 1552 1249 credere

302 1288 335 1342 45
347 1268 446 1330 libros
464 1288 518 1331 eos
535 1289 604 1333 esse
621 1270 784 1332 Ambrosii
799 1276 835 1332 et
851 1269 1035 1349 Augustini,
1052 1268 1169 1329 nolunt
1185 1268 1248 1348 ipsi
1265 1268 1406 1329 vicissim
1424 1266 1553 1329 credere

349 1350 562 1431 Euangelium
572 1351 662 1432 quod
671 1352 789 1432 legitur
800 1370 868 1413 esse
879 1350 1040 1413 Matthaei
1050 1349 1103 1412 vel
1114 1349 1245 1411 Ioannis
1257 1348 1277 1422 '‚
1291 1349 1490 1429 blasphemia
1501 1355 1553 1411 est

347 1432 568 1507 intolerabilis,
596 1453 663 1495 non
690 1434 938 1515 argumentatio,
966 1432 1023 1494 sed
1049 1432 1150 1513 impia
1175 1432 1311 1493 insania.
1361 1430 1447 1506 Quid
1473 1449 1552 1493 vero

348 1516 453 1576 saneti
466 1516 609 1596 episcopi
621 1515 698 1578 olim
712 1535 770 1596 per
783 1515 869 1578 mille
882 1533 985 1577 annos
998 1514 1192 1595 scripserint,
1207 1532 1293 1575 nunc
1306 1513 1369 1593 legi
1382 1520 1502 1593 potest,
1517 1518 1552 1575 et

349 1615 408 1677 per
421 1597 543 1659 indices
557 1597 651 1660 facile
665 1603 716 1660 est
730 1598 889 1670 inueniri;
916 1598 973 1677 qui
987 1597 1134 1677 impressi
1149 1603 1226 1658 sunt
1240 1595 1307 1657 iere
1322 1614 1443 1668 omnes,
1461 1602 1550 1657 antc-

306 1696 339 1750 50
350 1697 450 1759 quam
466 1678 684 1742 Omolstadius
699 1679 760 1741 hao
776 1679 818 1741 de
833 1697 867 1741 re
883 1679 1083 1760 tragoediam
1099 1698 1231 1740 exorsus
1247 1683 1341 1751 esset,
1358 1695 1459 1757 quam
1474 1677 1551 1756 piis·

350 1761 440 1823 simis
474 1762 553 1823 viris
587 1760 853 1823 dissimulandam
887 1762 1019 1822 minime
1054 1760 1150 1823 multi
1184 1759 1357 1822 ducebant.
1416 1758 1552 1820 Lutheri

349 1841 564 1905 eruditionem
585 1844 621 1905 in
642 1844 741 1905 sacris
762 1842 865 1905 literis
887 1848 923 1904 et
943 1843 1060 1922 linguis
1082 1861 1149 1903 non
1170 1841 1380 1922 praeferimus
1403 1840 1552 1902 omnibus

349 1924 476 1998 scholis,
499 1922 705 2005 pontificibus
726 1931 762 1987 et
783 1924 935 1990 conciliis.
978 1924 1063 1987 Sunt
1081 1924 1168 1986 enim
1185 1923 1281 1986 hodie
1298 1943 1340 1985 ex
1358 1921 1423 1985 illis
1442 1922 1553 1985 forsan

350 2005 493 2068 Luthero
523 2005 692 2080 doctiores,
723 2006 812 2087 quod
842 2012 932 2087 opto.
984 2006 1204 2068 Veruntamen
1233 2012 1381 2067 nostrum
1411 2023 1478 2067 non
1508 2005 1553 2066 sit

304 2104 335 2158 55
348 2086 491 2149 iudicare
519 2089 659 2152 odiosius
686 2088 914 2170 comparando.
963 2086 1131 2168 Scripsisse
1159 2094 1270 2150 sutem
1296 2106 1373 2149 eum
1402 2084 1553 2149 solidiora

349 2168 500 2231 omnibus
523 2171 651 2252 scriptis
675 2190 759 2250 quae
783 2172 940 2233 hactenus
964 2190 1006 2232 ex
1030 2170 1164 2232 caeteris
1189 2168 1456 2231 uniuersitatibus
1479 2187 1552 2248 pro·

350 2249 490 2325 dierunt,
501 2252 607 2332 ipsum
620 2252 758 2333 denique
768 2254 804 2314 in
813 2252 932 2333 linguis
941 2270 980 2314 ao
991 2252 1090 2314 sacris
1099 2250 1202 2314 literis
1212 2270 1363 2332 superare
1374 2270 1485 2313 omnes
1496 2249 1553 2330 qui

349 2351 370 2395 a
391 2335 546 2396 trecentis
568 2335 671 2408 annis,
694 2334 723 2396 si
744 2353 811 2398 non
832 2334 988 2415 pluribus,
1012 2334 1174 2408 vixerunt,
1198 2340 1409 2414 utrorumque
1432 2333 1554 2413 scripta

347 2415 568 2488 testabuntur,
590 2416 749 2479 iudicabit
769 2423 882 2479 nostra
903 2418 1086 2497 posteritas,
1109 2436 1184 2479 oum
1205 2417 1349 2497 partium
1369 2415 1480 2478 studia
1501 2414 1554 2477 vel

301 2509 338 2560 60
350 2516 392 2560 ex
408 2504 502 2595 μήθ
520 2500 725 2597 οθθθαπθτίή.
763 2498 844 2562 Mihi
861 2518 939 2562 sano
955 2505 1016 2561 tua
1032 2499 1218 2595 etLutheri
1235 2498 1345 2561 studia
1362 2496 1554 2593 profuerunt

350 2579 1098 2744 umillltsttttpttfflt
1123 2580 1552 2742 Pmlitrlilishillud

354 2742 400 2806 Et
419 2763 507 2807 nune
526 2752 659 2809 tantum
678 2746 843 2826 temporis,
864 2744 1057 2809 confirmato
1074 2746 1109 2807 iu
1134 2745 1195 2807 'cio
1214 2764 1255 2807 ex
1276 2745 1372 2807 huius
1393 2743 1554 2825 septennii

351 2825 479 2900 studiis,
493 2827 669 2908 perdidisse
681 2846 748 2889 non
761 2827 887 2889 dubito.

301 2913 334 2978 65
393 2906 479 2970 Eum
503 2908 682 2972 Lutherum
706 2909 812 2971 adhuc
836 2909 976 2989 suspicio
999 2915 1034 2972 at
1057 2927 1201 2982 veneror,
1225 2909 1348 2989 scripta
1369 2907 1456 2969 illius
1479 2925 1554 2969 cum

349 2989 469 3052 iudicio
483 2990 565 3070 lego,
581 2996 616 3054 et
630 2990 809 3071 diligenter,
825 2997 865 3052 vt
879 2997 915 3054 et
930 2992 1084 3064 omnium,
1099 2989 1273 3071 perpendo.
1310 2989 1554 3053 vehementiam

348 3072 384 3132 in
405 3070 512 3133 verbis
533 3078 569 3134 et
588 3073 724 3152 figuram
744 3074 900 3137 sermonis
921 3074 1024 3153 genio,
1046 3074 1145 3153 genti,
1166 3072 1300 3145 homini,
1321 3072 1390 3135 uelo
1409 3078 1446 3134 et
1465 3071 1555 3133 carui

348 3152 460 3214 tribuo
473 3173 480 3226 ;
506 3153 623 3233 quibus
635 3155 741 3216 vtitur
752 3155 851 3229 Deus,
863 3156 965 3217 etiam
974 3156 1011 3217 in
1021 3174 1114 3217 suam
1126 3154 1271 3235 gloriam,
1284 3160 1319 3218 et
1330 3153 1404 3216 vult
1415 3152 1484 3216 solo
1495 3171 1554 3215 suo

349 3233 451 3296 verbo
473 3254 589 3315 puram
612 3236 760 3299 veritatis
781 3236 1084 3317 inculpabilitatem.
1127 3236 1220 3301 Siout
1241 3243 1281 3299 tu
1303 3254 1433 3316 quoque
1454 3235 1555 3297 habes

303 3327 338 3385 70
350 3316 564 3379 humanitatis
580 3324 615 3381 et
630 3318 739 3380 suauis
755 3320 840 3399 genii
854 3319 987 3399 priuata
1001 3317 1141 3391 iudicis3
1169 3337 1254 3399 quae
1269 3337 1371 3399 aeque
1387 3337 1408 3380 a
1423 3316 1554 3397 quibus·

349 3396 427 3459 dam
442 3398 535 3461 audis
550 3399 683 3481 culpari,
699 3405 739 3463 vt
752 3420 811 3482 ego
825 3419 956 3481 quoque
970 3399 1132 3481 quaedam
1149 3400 1283 3464 liutheri
1300 3419 1359 3481 pro
1376 3398 1555 3479 frigiditate

349 3479 411 3541 zeli
434 3481 499 3542 mei
522 3481 612 3544 haud
635 3501 750 3563 parum
776 3484 840 3545 odi.
886 3483 1109 3545 Permittimus
1133 3482 1304 3563 Prophetis
1327 3500 1366 3544 ao
1390 3480 1555 3560 Apostolis

349 3561 532 3642 proiectum
555 3563 591 3626 in
615 3564 758 3626 moribus
781 3571 817 3627 et
839 3564 925 3627 fide:
962 3584 1062 3644 quare
1087 3564 1230 3628 Luthero
1252 3563 1441 3645 negabimus
1465 3560 1555 3642 quod

349 3643 444 3706 nobis
474 3664 604 3727 quoque
637 3648 815 3710 necessario
848 3646 1031 3721 tribuimus,
1066 3653 1102 3709 at
1134 3648 1298 3709 scienter?
1351 3643 1487 3707 Fatetur
1520 3663 1554 3705 se

303 3736 334 3794 75
349 3725 511 3789 Lutherus
527 3729 699 3809 proiecisse
715 3729 868 3791 exercitio
885 3748 960 3791 cum
976 3735 1132 3809 tempore.
1172 3727 1257 3803 Quid
1273 3729 1302 3790 si
1318 3729 1420 3790 etiam
1435 3726 1476 3788 de
1493 3726 1554 3788 has

348 3808 493 3872 humana
503 3810 690 3886 traditione,
704 3812 789 3874 circa
801 3810 1025 3874 Eucharistiae
1037 3816 1275 3873 sacramentnm
1288 3829 1353 3891 quo
1366 3810 1409 3872 ad
1421 3808 1552 3871 modum

348 3891 476 3953 essendi
500 3912 616 3974 corpus
641 3894 771 3968 Christi,
797 3894 902 3974 possit
926 3894 1045 3956 sentire
1069 3894 1161 3955 varia
1185 3912 1245 3973 pro
1269 3896 1442 3973 tempore?
1481 3908 1554 3953 oum

348 3991 416 4035 non
442 3973 590 4038 dubitem
617 3975 765 4039 doctores
791 3982 922 4039 sanctos
949 3976 1070 4056 priscos
1097 3993 1209 4037 omnes
1236 3976 1367 4055 penitus
1392 3976 1555 4054 ignorasse

349 4054 617 4136 Parisien<sium>
646 4057 799 4121 articulos
827 4057 945 4139 plnres,
974 4063 1009 4119 et
1035 4058 1143 4137 ipsum
1170 4057 1309 4138 denique
1337 4056 1378 4119 de
1405 4053 1554 4118 transub-

348 4249 492 4365 affiedm
512 4263 577 4328 1599
595 4250 683 4313 (OPR.
703 4252 756 4328 36).
794 4250 932 4330 hirasrnus,
974 4255 1035 4301 tum
1049 4248 1263 4329 Paraphrasibus
1278 4252 1336 4302 eius
1354 4251 1383 4300 in
1402 4249 1555 4328 Romanos:

348 4315 933 4459 h39⁰liif¹iii¹l⁸iienl1¹³ae¹i¹⁸tffiii¹¹wii
973 4330 1088 4461 titini?
1108 4314 1555 4461 gage-,ssgffiggg

347 4444 487 4531 evidently
500 4443 700 4561 spurious-but
714 4445 777 4496 that
791 4446 933 4525 neverthe·
1015 4446 1112 4507 tribus,
1134 4451 1167 4498 vt
1188 4452 1291 4526 pariter
1310 4446 1556 4526 Pauhnamrmbr·

347 4511 400 4590 less
427 4515 503 4562 totus
523 4509 882 4598 mmchbertransmrptm
891 4517 934 4564 est
974 4514 1068 4566 herent
1105 4512 1268 4579 theologiam
1306 4518 1345 4593 et·
1377 4512 1555 4593 iatmrtatem

347 4576 934 4708 wittimirus?
973 4578 1379 4698 trimum·
1394 4578 1557 4697 iim

380 4720 423 4771 43.
441 4708 659 4772 vniuersitatum]
694 4707 735 4759 ci,
769 4708 820 4775 Ep.
857 4722 931 4761 1021.
973 4709 1152 4762 conuentibus
1165 4710 1237 4763 idem
1254 4711 1360 4778 placere
1373 4713 1511 4779 inciperet,
1528 4715 1557 4762 st

350 4786 378 4823 11
384 4786 426 4838 sn.
972 4776 1080 4828 auidius
1107 4776 1245 4830 Erumica
1272 4778 1392 4845 legerant
1415 4776 1554 4844 passim’r

383 4850 423 4904 55.
442 4838 633 4905 comparando]
646 4838 686 4891 ct.
697 4839 749 4906 Ep.
763 4842 837 4906 15⁶5·
852 4853 911 4905 1511.
973 4842 1051 4895 OPR.
1063 4856 1105 4908 74.

382 4905 424 4955 60.
442 4905 502 4969 tna]
533 4903 599 4957 ‘Eis
625 4911 718 4958 autem
745 4905 841 4958 diebus
867 4907 934 4958 anni
1041 4907 1225 4973 Lutheri]See
1234 4908 1366 4970 OPR.6,
1392 4909 1452 4970 ⁴·⁶·

352 4970 551 5034 1518iamtum
563 4972 681 5049 primum
692 4971 933 5024 Erasmilnonbra·
1007 4974 1049 5025 62.
1069 4978 1173 5040 septem
1195 4980 1225 5026 et
1246 4975 1344 5039 vigintr
1442 4972 1448 4985 '
1512 4968 1555 5020 hi·

350 5036 440 5087 ciones
450 5035 578 5088 celebrari
589 5042 726 5103 ceperant,
737 5037 935 5104 prodeuntibus
972 5039 1084 5091 student
1096 5055 1175 5106 years
1187 5044 1218 5091 at
1230 5040 1379 5105 itihingen.
