3534 5984
738 679 933 742 LETTERS
954 680 1010 742 OF
1031 679 1232 743 ERASMUS
1494 682 1590 757 [1525

629 895 780 962 1⁵⁵²1578.
825 895 879 961 To
903 895 1115 963 Faenum
1136 896 1346 964 Mourucus,

418 1027 611 1099 Calcagninus,
624 1030 767 1085 Delibero
780 1031 907 1097 arbitrio,
920 1031 955 1086 Ρ.
969 1028 1008 1086 a¹.
1403 1032 1494 1088 Basia.

419 1115 454 1172 N.
468 1133 496 1185 p.
511 1128 598 1172 1211:
622 1116 711 1173 lond
725 1118 823 1174 xxviii.
836 1130 890 1186 25:
914 1117 971 1174 LB.
984 1132 1046 1187 744.
1344 1122 1377 1174 16
1392 1118 1459 1189 May
1476 1134 1553 1189 1525·

417 1240 451 1302 [A
466 1239 546 1290 letter
561 1240 668 1291 mitten
680 1240 698 1292 b
728 1242 854 1293 humus
865 1240 894 1291 in
905 1244 1048 1291 mavorte
1060 1241 1109 1306 llp.
1125 1254 1198 1305 1552,
1210 1240 1265 1292 and
1296 1241 1383 1292 mted
1396 1241 1432 1307 by
1444 1241 1500 1293 him
1512 1257 1542 1292 es
1554 1259 1590 1292 an

383 1304 573 1366 introducticn,
595 1307 623 1357 in
683 1257 854 1424 bdinhirffiu
872 1321 890 1356 a
907 1304 976 1357 iorm
995 1304 1023 1356 oi
1041 1321 1100 1357 com
1131 1306 1137 1319 '
1166 1312 1221 1366 ent.
1240 1322 1258 1356 a
1276 1257 1343 1357 dulei
1362 1308 1470 1359 treatiae
1489 1323 1525 1359 on
1544 1308 1591 1359 the

382 1370 595 1423 ireedomoithe
630 1372 636 1385 '
658 1373 761 1433 ,which
818 1372 1058 1438 cagninusfflpp.1
1115 1371 1591 1439 ‚158)hadoomposedonresding

384 1436 517 1488 uramus·
530 1436 569 1488 De
577 1437 656 1490 lubere
665 1438 778 1491 aditio.
806 1437 863 1489 The
874 1437 990 1497 treatise,
1001 1385 1087 1488 which
1097 1437 1120 1488 is
1130 1438 1158 1488 in
1170 1441 1183 1487 t
1226 1436 1295 1489 iorm
1306 1437 1334 1489 oi
1345 1454 1362 1488 a
1372 1439 1452 1490 letter
1462 1444 1492 1490 to
1504 1440 1590 1490 Bona·

384 1508 498 1554 ventura
511 1502 681 1569 Pamphilus,
694 1503 777 1556 dated
789 1504 858 1554 hom
872 1504 991 1562 numm.
1004 1516 1020 1565 3
1034 1502 1096 1553 Jan.
1113 1516 1186 1582 ¹⁵²5·
1201 1502 1255 1554 had
1268 1503 1335 1555 been
1347 1509 1408 1555 sent
1421 1510 1451 1556 to
1465 1504 1591 1555 Erasmus

383 1569 412 1619 in
423 1569 588 1635 manuscript
598 1570 660 1635 (llp
675 1583 748 1686 132.
761 1572 871 1632 19-21);
897 1566 952 1619 and
962 1571 993 1617 at
1003 1566 1044 1618 his
1054 1574 1206 1634 suggestion
1217 1568 1321 1621 Froben
1331 1570 1438 1636 printed
1449 1570 1472 1621 it
1482 1571 1510 1620 in
1521 1570 1592 1621 June

386 1651 396 1687 ι
401 1649 447 1700 525
461 1634 526 1686 vich
536 1634 582 1685 the
593 1636 652 1686 title
662 1634 685 1685 0
722 1635 744 1685 n·
754 1633 907 1698 Onlcopniai
915 1631 1016 1685 lubeliaco
1024 1634 1124 1695 mone
1133 1634 1164 1685 dc
1172 1634 1251 1685 libero
1260 1634 1365 1687 urbitio
1374 1652 1406 1686 cc
1413 1634 1591 1700 phenennae

383 1698 554 1767 panentu
570 1702 616 1764 (a).
651 1700 845 1766 subsequently
861 1700 885 1751 it
901 1713 955 1750 was
970 1698 1093 1751 included
1109 1700 1137 1749 in
1153 1700 1336 1767 ealeagninm’
1353 1701 1480 1753 collected
1497 1701 1590 1766 Opera,

385 1766 472 1826 Buta,
485 1765 598 1826 Froben,
612 1779 743 1832 15442121’·
792 1779 849 1829 so·

418 1829 706 1882 Thielettervasinsc
778 1846 874 1908 among
888 1831 1014 1907 litamus

1015 1828 1022 1852 ’
1030 1829 1153 1947 Freiaues
1165 1830 1193 1881 in
1206 1830 1240 1892 N,
1254 1830 1320 1882 with
1333 1831 1379 1882 the
1391 1847 1463 1883 error
1475 1833 1503 1883 in
1516 1832 1590 1884 Mon·

385 1896 465 1948 tinue'
482 1911 560 1947 name
575 1896 754 1948 unoorrected
789 1898 841 1948 For
855 1895 1030 1946 mdrcetiono
1052 1911 1200 1948 ananewer
1214 1912 1258 1948 aee
1274 1899 1323 1962 llp.
1344 1902 1415 1963 1633.
1432 1911 1500 1963 9‚17.
1535 1896 1592 1948 The

384 1961 523 2028 year-date
535 1961 615 2013 ueeds
627 1978 663 2013 no
675 1959 880 2022 confirmation]

506 2126 540 2169 D.
562 2124 657 2169 BRAS.
679 2124 755 2170 ΒΟΤ.
777 2123 1004 2169 casamento
1026 2124 1195 2171 mulino
1216 2125 1373 2171 Monunio
1395 2126 1422 2172 8.
1435 2127 1470 2170 D.

427 2225 480 2287 Eu
497 2224 559 2287 tibi
575 2244 703 2287 rursum
719 2225 913 2287 laooniemua
930 2226 1030 2287 etiam
1043 2224 1198 2305 superiori
1211 2227 1417 2299 contractior,
1433 2246 1534 2306 quum
1551 2232 1589 2287 tu

386 2327 439 2369 me
450 2313 521 2369 tam
531 2306 666 2381 liberali,
678 2313 748 2370 tam
760 2306 882 2370 dinem
894 2314 994 2388 atque
1005 2309 1106 2369 etiam
1117 2306 1236 2368 iestiua
1247 2309 1432 2387 prouocaris
1443 2307 1591 2388 epistola,

387 2396 427 2451 vt
450 2388 530 2451 mihi
554 2388 674 2452 bonam
698 2389 860 2453 tediorum
885 2396 1013 2470 partem
1037 2389 1223 2461 excusserit,
1249 2408 1388 2469 quorum
1412 2409 1498 2451 nuno
1523 2390 1592 2469 ipse

387 2477 571 2552 temporum
588 2476 695 2533 statue
712 2471 841 2534 abunde
858 2471 1000 2534 multum
1016 2472 1155 2551 ingerit;
1184 2471 1312 2533 etiamsi
1329 2472 1490 2550 propicius
1507 2476 1593 2533 esset

359 2580 373 2631 ς
388 2553 539 2627 calculus,
557 2560 592 2616 et
608 2553 689 2615 nihil
705 2552 840 2618 haberet
857 2554 985 2617 molesti
1001 2560 1159 2627 senectus,
1177 2553 1258 2615 nihil
1274 2552 1395 2615 assidui
1411 2552 1594 2616 studiomm

387 2635 522 2709 labores,
537 2635 676 2715 denique
688 2636 716 2698 si
727 2636 809 2698 nihil
821 2635 952 2699 aliunde
964 2634 1131 2698 inueheret
1143 2634 1353 2715 aegritudinis
1365 2634 1445 2697 haec
1458 2636 1528 2697 vita
1541 2641 1594 2697 tot

388 2718 482 2780 malis
492 2718 643 2780 obnoxia.
674 2717 778 2781 Auxit
787 2717 943 2798 epistolae
953 2723 1030 2781 tuae
1040 2718 1179 2798 gratiam
1190 2717 1289 2780 (icelii
1297 2717 1423 2780 libellus
1434 2716 1594 2780 Delibero

388 2800 533 2872 arbitrio,
547 2800 654 2862 breuis
664 2799 796 2880 quidem
807 2800 861 2862 ille
872 2800 930 2863 sed
941 2821 960 2862 e
1039 2801 1113 2874 tus,
1126 2800 1206 2861 eatis
1218 2818 1295 2880 prae
1306 2820 1340 2863 se
1352 2799 1457 2862 terens
1468 2806 1593 2879 quanto

388 2881 498 2945 studio
511 2883 562 2943 vir
573 2881 626 2943 ille
639 2888 785 2943 versetur
797 2882 832 2943 in
845 2881 955 2961 adytis
968 2901 990 2962 p
1015 2881 1199 3024 'losofhiae
1234 2882 1402 2944 Hactenus
1414 2881 1495 2943 nihil
1507 2881 1593 2943 illius

346 2992 377 3028 ιο
389 2964 498 3026 videre
513 2963 659 3043 contigit.
697 2962 820 3043 Ipsum,
836 2964 871 3024 ni
885 2963 989 3036 fallor,
1005 2982 1092 3025 seme
1118 2962 1282 3025 dumtaxat
1297 2963 1366 3026 vidi
1380 2963 1544 3025 Ferrariae
1559 2964 1593 3025 in

389 3044 524 3107 aedibus
538 3044 670 3105 Ricandi
681 3043 786 3106 Pacci.
822 3043 987 3108 Salutauit
1001 3064 1054 3106 me
1068 3064 1195 3107 summa
1209 3045 1341 3125 quidem
1356 3065 1431 3108 oum
1446 3045 1593 3107 humani·

389 3132 469 3224 tate,
483 3125 541 3187 eed
553 3125 699 3188 oratione
712 3132 782 3188 tam
794 3125 917 3189 diserte
929 3133 1063 3207 tamque
1077 3126 1191 3189 fluenti
1203 3134 1243 3189 vt
1254 3147 1313 3208 ego
1326 3147 1456 3208 prorsus
1469 3126 1596 3189 viderer

389 3229 407 3270 e
509 3227 536 3269 s.

408 3208 611 3363 hlIligueeeitaui,
629 3288 744 3362 fateor,
763 3289 952 3370 aliquandiu
970 3296 1081 3352 vtrum
1098 3290 1242 3353 libellum
1259 3289 1481 3371 flagitantibus
1499 3296 1594 3370 typo·

347 3397 375 3449 15
390 3372 520 3452 graphia
538 3370 699 3434 traderem
717 3391 760 3433 an
778 3391 967 3452 premerem.
1006 3372 1118 3447 Video,
1138 3374 1182 3434 mi
1201 3372 1358 3447 Floriana,
1377 3379 1412 3435 et
1429 3371 1517 3453 apud
1535 3391 1595 3433 vos

389 3454 832 3616 rw
845 3452 1596 3616 brestinesbrunnen

389 3617 529 3679 fabulae.
562 3617 695 3680 Vtinam
705 3619 770 3680 ista
779 3618 919 3698 suspicio
929 3618 1123 3699 demigraret
1132 3620 1167 3681 in
1177 3617 1393 3692 Germaniam,
1405 3624 1439 3680 et
1449 3618 1595 3698 picturae

389 3700 534 3762 famosae
553 3699 716 3780 libellique
736 3700 849 3763 furiosi
869 3701 927 3781 qui
947 3699 1085 3763 subinde
1105 3700 1279 3781 prouolant
1299 3701 1333 3762 in
1354 3706 1455 3780 caput
1475 3718 1594 3772 meum,

344 3809 379 3847 20
390 3783 475 3846 istuc
497 3781 720 3845 deferrentur!
764 3782 859 3845 Nunc
882 3782 934 3844 hio
956 3781 1120 3862 periclitor
1142 3788 1181 3844 vt
1203 3782 1298 3845 huius
1320 3781 1471 3844 factionis
1494 3799 1594 3860 oppu-

390 3872 516 3947 gnator,
528 3864 617 3946 apud
627 3864 730 3928 Italos
740 3884 778 3927 ao
789 3862 973 3927 Brabentos
983 3865 1113 3945 grauiru
1123 3866 1223 3927 etiam
1234 3863 1397 3945 pericliter
1406 3869 1445 3924 vt
1455 3862 1595 3925 adiutor.

391 3947 547 4011 Nonnulli
568 3967 619 4010 me
641 3946 880 4010 calumniantur
900 3946 1221 4010 incedere'medium.
1265 3945 1356 4008 Inter
1376 3945 1540 4008 Christum
1562 3949 1597 4006 et

393 4030 495 4092 Belial
519 4029 666 4091 incedere
691 4029 835 4092 medium
859 4049 988 4111 magna,
1014 4028 1130 4104 fateor,
1156 4029 1308 4109 impietae
1333 4034 1393 4090 ast.
1440 4026 1487 4089 At
1511 4027 1597 4088 inter

393 4111 534 4192 Scyllam
547 4117 581 4173 et
594 4111 791 4191 Charybdim
804 4110 948 4173 medium
960 4117 1069 4174 tenere
1082 4130 1212 4173 cursum
1225 4110 1364 4173 arbitror
1376 4130 1445 4171 ease
1458 4107 1597 4189 pruden-

302 4228 304 4231 ν
346 4218 377 4269 25
393 4194 485 4254 tiam.
524 4192 614 4253 Nihil
631 4212 776 4272 vnquam
792 4194 896 4272 magia
912 4192 1094 4255 detestatus
1112 4212 1184 4256 sum
1201 4213 1301 4274 quam
1318 4191 1519 4262 seditionem,
1538 4210 1597 4251 ncc

393 4273 500 4335 adhuc
515 4272 582 4334 vlla
596 4275 631 4335 in
646 4293 680 4335 re
695 4293 822 4336 mecum
837 4293 956 4354 pugno.
994 4273 1142 4337 Profiteri
1157 4274 1232 4338 nolo
1247 4273 1336 4356 quod
1350 4293 1416 4336 non
1432 4290 1595 4351 assequor,

394 4360 453 4417 aut
464 4354 505 4415 de
517 4373 583 4434 quo
595 4355 721 4429 dubito,
734 4363 794 4418 aut
805 4354 894 4435 quod
905 4375 972 4418 nou
985 4356 1142 4435 probetur
1153 4358 1262 4420 animo
1274 4375 1356 4419 meo.
1390 4354 1458 4417 Nec
1471 4354 1514 4415 ab
1526 4356 1598 4416 istis

394 4455 539 4516 unquam
561 4436 728 4515 praedicor
748 4436 926 4517 theologus,
950 4438 1013 4500 nisi
1034 4458 1136 4518 quum
1159 4439 1283 4501 inuidia
1299 4435 1483 4519 grauandus
1503 4454 1596 4497 sum:

392 4519 520 4596 quoties
540 4519 648 4597 agitur
667 4518 709 4581 de
726 4521 888 4582 consortio
909 4519 1037 4600 gloriae,
1057 4521 1168 4600 procul
1187 4521 1303 4584 absum
1321 4519 1363 4582 ab
1381 4518 1456 4581 albo
1475 4517 1597 4580 theolo-

802 4661 855 4699 mr.
875 4661 982 4700 sonmo
994 4669 1029 4703 a:
1051 4652 1155 4704 maci.

429 4790 450 4826 1.
469 4772 839 4839 laconismue]Oi.Ep.1552.
856 4789 877 4823 1.
1056 4778 1094 4828 16.
1113 4774 1402 4841 auspiciosoeffieeup.
1417 4777 1488 4839 1576.
1501 4788 1544 4824 an.

429 4854 451 4905 5.
470 4837 597 4900 calculus]
627 4841 675 4892 See
705 4842 773 4906 Epp.
806 4852 878 4903 1543.
912 4854 971 4901 14n‚
1057 4842 1146 4904 18-19.
1166 4843 1286 4908 picturae
1311 4829 1442 4901 tamesae]
1473 4839 1520 4890 See
1548 4838 1597 4903 Ep.

397 4910 469 5024 lsdd.
484 4919 689 5031 {diemissa
701 4972 750 5037 Ep.
766 4984 837 5032 1224.
851 4984 901 5035 5n;
918 4970 972 5021 and
1025 4919 1283 5036 1433232cnfflum
1299 4975 1328 5021 et
1343 4967 1439 5031 Belial]
1451 4967 1490 5020 Oi.
1508 4982 1523 5018 2
1539 4969 1597 5020 Cor.

396 5037 431 5090 ci.
445 5039 495 5104 Ep.
509 5040 584 5104 1576.
597 5039 690 5104 58-60.
1021 5039 1046 5089 (a
1063 5050 1100 5102 15.
