3534 5984
381 672 444 733 500
797 671 1025 734 APPENDIX
1046 669 1163 733 XVIII

380 843 543 899 notescere
569 836 765 899 vollucrim?
813 837 955 900 Hoccine
979 845 1031 899 est
1054 838 1208 900 torrentis
1227 837 1337 899 instar
1357 846 1491 919 gnotos
1511 841 1606 902 iuxta

382 926 481 997 atque
499 920 627 999 ignotos
645 939 770 981 mecum
788 940 899 1000 rapere
914 925 927 980 l
968 920 1077 1000 Egone
1095 919 1138 982 ob
1155 919 1190 980 id
1208 918 1271 980 Ate
1288 938 1366 981 sum
1385 920 1602 985 Homerica?

334 1034 364 1086 35
383 1001 474 1081 Egon
484 1001 949 1081 Virgilianatibivideorlrisi
980 1002 1074 1064 Certe
1081 1001 1227 1063 libellum
1236 1001 1323 1063 hunc
1333 1004 1601 1066 tumultuarium

382 1104 447 1145 nou
469 1103 528 1163 ego
549 1084 636 1144 tanti
657 1084 741 1146 isoio
763 1091 802 1145 vt
822 1105 861 1146 oo
883 1091 996 1164 putem
1017 1085 1206 1163 ingeneosus
1226 1083 1260 1144 in
1283 1082 1404 1145 alicnis
1428 1084 1601 1149 laboribus

383 1165 505 1237 videri;
539 1172 653 1245 vtpote
673 1185 769 1245 quem
790 1186 856 1228 non
876 1166 919 1226 ad
939 1167 1190 1228 ostentationem
1210 1164 1267 1225 sed
1287 1164 1331 1225 ad
1356 1165 1599 1248 Euangelicam

383 1248 635 1309 admonitionem
653 1248 838 1321 aediderim,
857 1249 977 1328 quique
994 1268 1060 1310 non
1077 1253 1148 1309 tam
1164 1247 1285 1326 ingenii
1300 1249 1409 1310 nostri
1428 1252 1598 1329 specimen

383 1329 439 1389 det
451 1349 488 1391 ac
500 1330 761 1411 sicophantamm
774 1329 976 1409 quorundam
988 1331 1141 1409 gannitus
1151 1328 1305 1391 redoleat.
1339 1328 1442 1404 Quid,
1456 1332 1595 1406 malum,

336 1444 371 1492 40
382 1412 555 1492 gannitus!
597 1414 662 1473 imo
686 1420 721 1473 et
744 1412 872 1473 rabidos
897 1431 1020 1474 morsus
1041 1412 1159 1491 quibus
1180 1431 1231 1473 me
1251 1411 1399 1490 quotidie
1422 1414 1597 1494 impetunt

384 1493 552 1573 Euangelii
569 1494 698 1555 hostes:
726 1495 783 1573 qui
802 1494 862 1556 sub
880 1495 1015 1574 pietatis
1034 1495 1139 1574 specie
1161 1512 1256 1555 suum
1278 1499 1382 1572 agunt
1404 1497 1593 1575 negocium,

384 1575 603 1637 adulterantes
624 1575 758 1636 verbum
780 1576 841 1637 Dei
861 1583 896 1637 et
917 1582 1067 1655 questum
1088 1576 1312 1638 existimantes
1333 1575 1509 1655 pietatem,
1534 1587 1595 1641 ant

383 1665 469 1719 certe
484 1659 523 1734 (si
536 1658 596 1718 hoe
609 1657 726 1718 durum
740 1657 869 1719 videtur
880 1659 1036 1738 suspicari
1049 1658 1089 1719 de
1103 1658 1181 1720 viris
1194 1656 1385 1719 Christianis
1396 1665 1435 1720 et
1448 1660 1592 1739 Aposto

382 1739 463 1801 lioae
482 1740 707 1801 aemulationis
725 1740 968 1820 professoribus)
988 1740 1143 1802 habentes
1162 1738 1292 1820 quidem
1311 1738 1416 1801 selum
1437 1740 1513 1815 Dei,
1535 1744 1593 1805 sed

336 1854 368 1905 ⁴5
383 1841 448 1884 non
463 1822 638 1884 secundum
653 1822 830 1883 seientiam.

424 1903 486 1965 Sed
505 1911 650 1983 praestat
663 1924 728 1965 non
745 1904 872 1965 irritare
886 1903 1071 1965 balatrones
1088 1903 1246 1983 quosdam
1265 1924 1306 1965 ex
1323 1903 1365 1965 iis
1383 1906 1443 1983 qui
1458 1912 1592 1969 teneras

384 1985 558 2047 admodum
585 1984 707 2047 habent
732 1985 892 2047 auriculas
917 2005 1061 2065 quasque
1087 2006 1152 2047 non
1177 1985 1275 2047 liceat
1301 1986 1446 2048 mordaci
1473 1990 1592 2052 radere

384 2086 481 2138 vero;
514 2074 549 2128 et
572 2066 717 2147 epistolis
740 2068 821 2129 nihil
844 2074 919 2129 tuto
944 2068 1154 2140 commititur,
1176 2087 1250 2130 oum
1270 2088 1336 2130 non
1357 2068 1444 2130 desit
1465 2070 1591 2151 vbique

385 2148 531 2211 Corioeus
554 2149 682 2228 aliquis,
706 2150 762 2229 qui
785 2169 848 2229 que
870 2149 1024 2211 dicuntur
1046 2169 1172 2230 queque
1194 2149 1379 2212 scribuntur
1401 2150 1592 2216 abscultare

340 2264 372 2316 50
384 2232 496 2311 possit.
538 2231 740 2310 Quamquam
760 2251 870 2293 eorum
891 2251 953 2311 que
973 2252 1032 2294 nos
1051 2232 1207 2294 hactenus
1227 2233 1369 2312 perpessi
1386 2252 1512 2308 sumus,
1535 2236 1591 2298 vel

384 2312 561 2374 Amicleum
579 2312 806 2392 desyderamus
824 2312 1010 2386 delatorem,
1029 2315 1086 2393 qui
1103 2314 1147 2374 ad
1164 2312 1323 2377 Stentoris
1340 2315 1591 2395 improbitatem

383 2394 547 2457 silentium
567 2402 730 2474 rumpenet
748 2402 785 2471 et
803 2395 929 2456 Erasmi
948 2396 1125 2458 necesarios
1142 2396 1179 2458 in
1197 2403 1369 2477 utramque
1388 2396 1591 2462 dormientes

385 2496 494 2538 aurem
513 2478 690 2539 excitaret:
720 2484 754 2538 te
767 2478 957 2557 praesertim
971 2479 1028 2557 qui
1041 2478 1128 2558 apud
1141 2477 1299 2552 Cesaram,
1313 2478 1401 2558 apud
1414 2480 1590 2559 pontifices

385 2565 419 2621 et
432 2566 598 2639 magnates
611 2559 692 2620 nihil
703 2579 769 2620 non
783 2566 886 2639 potes,
900 2579 965 2639 quo
978 2560 1071 2621 nobis
1083 2579 1214 2639 operam
1226 2578 1373 2634 nauares,
1387 2561 1510 2640 passim
1524 2563 1588 2625 hoo

340 2674 369 2728 55
384 2642 512 2703 nomine
531 2640 615 2702 male
633 2641 839 2703 audientibus
857 2642 945 2721 quod
959 2641 1084 2703 Erasrm
1096 2640 1240 2704 iautoms
1252 2642 1362 2705 simus.
1397 2641 1443 2705 Et
1455 2645 1588 2706 vtinam

383 2723 418 2784 in
440 2723 565 2803 angulis
586 2722 786 2785 solummodo
807 2729 842 2785 et
863 2724 1001 2803 priuatis
1022 2722 1231 2785 velicaremur
1251 2724 1313 2786 coll
1355 2724 1437 2787 uiisl
1481 2725 1589 2807 Atqui

384 2824 449 2866 non
474 2806 534 2867 hoo
559 2812 689 2866 tantum
713 2807 867 2884 patimur,
893 2805 950 2866 sed
973 2804 1182 2879 traducimur,
1207 2805 1264 2866 sed
1287 2806 1501 2887 expedimur,
1527 2808 1587 2870 sed

384 2887 600 2959 exsibilamus,
616 2888 650 2948 in
667 2886 759 2960 aulis,
776 2888 811 2949 in
827 2888 975 2961 theatris,
990 2889 1026 2949 in
1041 2887 1176 2961 coronis,
1191 2908 1317 2950 necnon
1332 2895 1367 2950 et
1382 2889 1540 2963 hamseos,
1557 2891 1588 2952 si

384 2969 470 3031 diuis
488 2969 605 3049 placet,
625 2977 798 3043 notamur;
827 2969 924 3049 idque
942 2971 977 3032 in
995 2970 1199 3032 contionibus
1222 2975 1256 3032 et
1279 2990 1337 3050 pro
1360 2978 1502 3049 sugestu,
1527 2972 1585 3034 vbi

338 3073 373 3120 ⁶0
386 3050 579 3130 Euangelica
590 3057 661 3112 tum
673 3052 777 3130 pietas
787 3058 858 3112 tum
871 3052 1030 3113 modestia
1039 3057 1074 3113 et
1083 3051 1228 3113 docenda
1237 3058 1321 3114 esset
1331 3058 1366 3113 et
1376 3053 1585 3133 praestanda.

386 3132 448 3194 Sed
473 3133 604 3212 quando
629 3134 663 3193 in
690 3133 739 3194 his
764 3134 852 3194 omni
877 3132 1019 3196 humano
1044 3133 1204 3214 praesidio
1228 3134 1445 3207 destituimur,
1469 3133 1587 3199 iaueat

385 3214 530 3276 Christus
558 3222 627 3293 opt.
657 3234 742 3275 max.
773 3216 896 3295 coeptis
923 3235 986 3295 que
1013 3217 1083 3295 ipso
1110 3216 1288 3296 inspirante
1316 3217 1520 3296 concepimus
1549 3225 1585 3280 et

385 3303 547 3356 annuente
556 3296 728 3374 prouehere
737 3296 957 3370 destinamus;
978 3298 1097 3377 detque
1105 3298 1198 3359 nobis
1204 3298 1294 3359 illam
1303 3299 1419 3360 frontis
1427 3297 1585 3361 duriciam

385 3378 640 3438 aduersariorum
669 3396 798 3438 suorum
825 3379 988 3441 frontibus
1015 3379 1185 3452 duriorem,
1214 3399 1312 3459 quam
1340 3379 1497 3460 prophete
1524 3402 1585 3444 suo

338 3482 369 3545 ⁶5
386 3459 544 3520 Ezechieli
555 3480 588 3521 se
601 3458 725 3521 dedisse
737 3468 977 3522 commemorat.
1010 3460 1116 3542 Vsque
1128 3461 1223 3523 hodie
1234 3463 1319 3523 enim
1332 3482 1394 3542 que
1405 3463 1585 3525 seeundum

385 3560 512 3603 earnem
528 3548 580 3603 est
595 3541 727 3614 Israhel,
743 3543 860 3603 attrita
874 3542 981 3604 fronte
996 3549 1031 3606 et
1045 3543 1127 3604 dura
1141 3544 1262 3605 ceruice
1276 3545 1387 3624 iugum
1402 3544 1534 3618 Christi,
1549 3546 1586 3608 in

385 3643 450 3767 tt
460 3625 741 3768 ,institit
749 3625 1356 3769 hhhfflntttsiffiiittt
1379 3646 1452 3688 ⁰¹¹¹¹¹
1471 3632 1585 3690 “mm

425 3787 488 3849 Sed
506 3788 585 3868 quid
603 3789 741 3850 hominis
757 3807 816 3867 ego
833 3808 905 3850 sum
922 3790 979 3868 qui
995 3787 1163 3850 tabellario
1179 3797 1370 3869 properante
1387 3790 1430 3851 ab
1446 3790 1586 3869 epistola

341 3903 374 3957 70
386 3870 420 3930 in
439 3869 704 3931 declamationem
724 3890 774 3931 me
793 3870 975 3932 transtuli?
1006 3870 1188 3951 usqueadeo
1205 3870 1354 3951 frequens
1373 3873 1586 3936 concionandi

387 3970 503 4012 munus
524 3952 674 4025 inualuit,
698 3959 736 4013 vt
758 3953 839 4014 nihil
860 3953 924 4014 nisi
945 3951 1171 4015 declamatorie
1193 3952 1282 4033 loqui
1303 3954 1433 4034 possim.
1478 3953 1586 4029 Quare

386 4033 489 4095 satius
503 4034 566 4095 erit
580 4034 685 4096 verbis
701 4035 832 4096 modum
848 4054 964 4115 ponere
979 4052 1078 4114 quam
1093 4035 1194 4096 animi
1207 4036 1310 4098 nostri
1324 4035 1587 4101 amaritudini.et

387 4117 522 4177 moerori
542 4115 633 4177 irena
653 4116 772 4178 laxare.
815 4117 925 4178 Habes
945 4118 1066 4196 itaque,
1088 4118 1140 4178 vir
1159 4117 1365 4197 undiquaque
1387 4118 1585 4195 doctissime,

386 4197 561 4258 admodum
572 4199 696 4277 argutis
704 4199 798 4260 iuxta
808 4206 907 4279 atque
918 4199 1192 4277 venustiss<imis>
1203 4201 1269 4261 tuis
1278 4199 1397 4262 litteris
1407 4206 1586 4282 vicumque

342 4314 371 4368 75
386 4279 580 4359 respondens
604 4280 810 4360 epistolium:
847 4281 943 4343 breue
968 4280 1098 4360 quidem
1123 4282 1180 4343 sed
1203 4282 1291 4362 quod
1313 4281 1426 4343 limam
1448 4282 1587 4364 singulis

386 4360 566 4440 quibusque
582 4362 688 4423 verbis
703 4363 872 4437 desideret,
888 4364 1039 4443 quodque
1053 4362 1135 4424 nihil
1148 4363 1238 4426 aliud
1253 4371 1330 4444 agat
1344 4362 1469 4427 fidelius
1484 4384 1587 4445 quam

387 4444 509 4504 autoris
524 4443 709 4514 ,barbariem
728 4452 763 4506 et
781 4445 955 4507 infanciam
975 4444 1152 4525 propalare.
1194 4445 1303 4508 Habes
1320 4447 1421 4508 etiam
1439 4466 1586 4527 respons·

386 4525 508 4586 sionem
528 4531 673 4587 nostram
694 4527 736 4586 ad
757 4526 937 4599 Erasmum
959 4545 1024 4606 qua
1043 4528 1074 4588 ei
1093 4528 1238 4590 animum
1258 4547 1374 4602 meum,
1396 4535 1435 4590 vt
1452 4529 1586 4593 interim

769 4657 807 4708 53·
829 4645 929 4707 Imriiss
941 4643 1001 4702 MS·
1015 4642 1046 4709 ⁶!-
1060 4645 1110 4708 ΕΡ.
1126 4647 1197 4709 1838.

417 4769 461 4816 44.
479 4754 564 4805 zelum
577 4753 638 4815 Dei]
650 4755 689 4806 cf.
703 4756 781 4805 Rom.
797 4768 835 4806 10.
848 4769 873 4805 2.
1042 4760 1085 4820 65.
1103 4759 1305 4822 commemorat]
1341 4777 1374 4812 so.
1410 4762 1499 4815 Deus:
1549 4768 1585 4819 ci.

418 4835 460 4883 47.
478 4819 621 4881 sunculas]
635 4821 674 4871 Cf.
691 4822 761 4872 Pers.
780 4836 801 4871 1.
819 4835 875 4887 107,
888 4824 912 4871 8.
1010 4824 1090 4877 Enelr.
1104 4840 1128 4890 3.
1141 4826 1165 4882 8,
1178 4839 1203 4885 9.

417 4900 460 4947 49.
479 4885 611 4947 Geticam]
621 4887 670 4939 See
682 4888 731 4951 Ep.
747 4890 819 4951 1236.
833 4900 908 4950 114n.
1043 4894 1084 4943 68.
1102 4891 1248 4956 elementis]
1279 4893 1318 4945 cf.
1349 4893 1408 4945 Gal.
1437 4909 1463 4958 4.
1495 4911 1519 4961 3,
1549 4913 1585 4959 93

419 4965 458 5015 5¹-
476 4952 694 5016 Amieleum]See
705 4952 787 5016 Adcq.
800 4956 859 5005 801.
1010 4955 1064 5007 Col.
1078 4971 1101 5008 2.
1114 4959 1139 5015 8,
1152 4969 1193 5007 20.
