3534 5984
404 742 445 801 68
760 741 955 804 LETTERS
977 740 1033 803 OF
1054 740 1255 804 ERASMUS
1516 745 1611 821 [1525

405 909 614 972 Louaniensis
635 907 828 971 Academiae
850 908 1086 982 cancellarium,
1110 914 1149 970 vt
1170 907 1359 971 admoneret
1380 908 1487 988 siquid
1510 909 1608 972 olien-

362 1011 393 1047 ιο
405 991 505 1054 deret.
545 991 712 1053 Pollicitus
728 996 789 1053 est.
828 989 1009 1053 Perleotum
1027 1009 1108 1071 opus
1125 991 1208 1053 citra
1224 992 1446 1071 exceptionem
1464 1011 1609 1072 compro·

405 1071 499 1135 bauit
514 1080 553 1135 vt
568 1074 659 1153 pium
675 1079 711 1135 et
725 1072 900 1135 eruditum.
939 1071 1046 1147 Quum
1062 1071 1288 1153 responderem
1304 1092 1356 1135 me
1373 1075 1496 1135 moneri
1513 1074 1609 1135 malle

405 1175 504 1234 quam
534 1154 670 1229 laudari,
701 1173 779 1216 nam
805 1153 841 1216 id
866 1174 936 1217 esse
963 1154 1086 1228 vtilius,
1113 1156 1213 1217 etiam
1241 1160 1341 1234 atque
1367 1156 1468 1217 etiam
1495 1155 1608 1217 confir-

404 1235 519 1299 mabat
542 1256 635 1298 suam
654 1237 934 1317 approbationem.
975 1235 1067 1298 Idem
1086 1236 1198 1317 rogaui
1217 1236 1414 1309 Latomum3
1446 1238 1504 1317 qui
1522 1257 1609 1300 nunc

403 1319 526 1381 lacerat
553 1318 642 1399 quod
670 1325 750 1381 tune
822 1324 909 1381 terat
937 1318 1103 1399 corrigere,
1132 1317 1240 1398 siquid
1268 1317 1464 1381 offendebat.
1516 1319 1608 1381 Idem

360 1420 389 1471 15
404 1400 604 1464 lodouicum
623 1400 753 1473 Berum,
773 1338 1040 1480 dinswpherum
1053 1400 1160 1480 episco
1183 1420 1239 1461 um
1256 1398 1475 1474 Basiliensem,
1491 1400 1608 1464 Iohan-

403 1503 478 1546 nem
491 1483 678 1563 episcopum
691 1481 886 1556 Roffensem,
900 1481 1044 1562 aliosque
1055 1501 1146 1563 perm
1180 1488 1233 1544 tos
1246 1501 1254 1543 :
1278 1488 1410 1544 tantum
1422 1482 1608 1546 laudarunt.

404 1565 474 1646 Ego
494 1572 606 1627 tamen
625 1585 666 1627 ex
686 1584 782 1645 opere
802 1570 971 1626 tantmum
990 1564 1134 1626 virorum
1154 1562 1285 1625 calculis
1304 1565 1485 1645 approbato
1505 1565 1610 1627 multa

404 1647 532 1721 sustuli,
547 1646 653 1709 multa
667 1646 800 1720 correxi,
816 1645 973 1726 pluraque
988 1645 1114 1708 reddidi
1128 1646 1268 1707 mitiora.

444 1729 539 1791 Nunc
547 1747 669 1809 apparo
678 1733 830 1807 quartam
838 1727 1026 1790 editionem.
1059 1726 1154 1802 Quod
1162 1728 1190 1789 si
1198 1747 1263 1790 nen
1329 1727 1608 1791 uaberisindicare

356 1833 391 1871 ιο
402 1810 482 1889 quid
493 1811 609 1873 merito
619 1811 724 1890 possit
734 1808 895 1872 offendere
906 1808 1019 1872 doctos
1030 1828 1068 1871 ac
1080 1809 1192 1882 bonos,
1205 1828 1270 1889 apu
1305 1829 1356 1873 me
1367 1829 1445 1873 saue
1455 1830 1607 1891 magnam

402 1893 510 1954 inieris
524 1892 663 1973 gratiam
677 1912 685 1965 ;
712 1891 810 1971 idque
824 1892 953 1971 scriptis
967 1892 1067 1953 etiam
1081 1897 1240 1953 testatum
1255 1890 1402 1965 efficiam,
1418 1892 1497 1953 mihi
1512 1897 1607 1954 tuum

402 1974 543 2036 officium
559 1973 659 2035 fuisse
675 1973 906 2054 gratissimum.
946 1972 986 2034 In
1003 1992 1069 2053 quo
1087 1974 1115 2034 si
1131 1979 1166 2035 te
1183 1972 1358 2035 candidum
1375 1974 1556 2053 praestabis
1573 1980 1608 2037 et

401 2057 573 2135 integrum,
595 2054 805 2117 exosculabor
825 2056 1056 2135 synceritatem
1077 2054 1259 2117 Christiano
1281 2054 1431 2136 theologo
1445 2055 1605 2136 ¹diguam:

402 2138 452 2199 sin
467 2138 611 2217 asperius
625 2143 660 2199 et
673 2137 833 2199 inimicius
848 2136 882 2197 id
896 2136 1019 2210 feceris,
1035 2143 1146 2199 tamen
1161 2137 1239 2199 boni
1252 2136 1428 2200 consulam.

357 2238 388 2289 ²5
443 2219 492 2280 Ea
510 2218 690 2281 moderatio
708 2217 940 2282 conducibilior
957 2224 1009 2280 est
1025 2220 1126 2280 etiam
1144 2219 1268 2281 nomini
1285 2219 1487 2299 theologico3
1518 2219 1607 2299 quod

401 2320 487 2363 nunc
496 2299 585 2381 apud
593 2301 645 2381 ple
721 2319 761 2363 ue
770 2300 854 2362 male
862 2299 957 2362 audit
965 2300 1008 2363 ob
1016 2299 1221 2381 quorundam
1229 2300 1375 2363 odiosam
1383 2302 1606 2363 morositatem

401 2389 436 2445 et
456 2384 566 2445 omnia
586 2402 704 2462 carpen
729 2384 737 2397 ”
759 2382 986 2463 petulantiam.
1030 2381 1115 2457 Quid
1135 2382 1222 2444 enim
1242 2382 1362 2445 dicturi
1382 2388 1460 2445 sunt
1481 2383 1606 2445 cordati

401 2464 554 2545 doctique
585 2466 647 2526 viri
677 2483 780 2545 quum
810 2464 947 2545 legerint
977 2463 1067 2526 Petri
1097 2462 1222 2526 Sutoris
1253 2463 1408 2539 libellum,
1441 2464 1606 2543 quondam

402 2546 569 2610 Serbonici
602 2546 754 2627 theologi,
788 2565 874 2609 nunc
909 2546 1059 2608 monachi
1092 2545 1303 2608 Cartusiani?
1360 2546 1526 2620 Quantum
1560 2548 1606 2609 ibi

356 2652 390 2703 ³0
401 2629 654 2703 maledicentiae,
683 2635 844 2709 quantum
871 2627 988 2701 fastus,
1016 2633 1177 2708 quantum
1206 2628 1347 2709 stuporis
1375 2634 1410 2691 et
1436 2629 1605 2691 inscitiae!

401 2711 490 2773 Nihil
508 2717 581 2774 toto
608 2730 704 2791 opere
730 2717 842 2791 erepat
868 2711 931 2772 nisi
959 2709 1222 2790 ‘theologastros
1250 2710 1458 2783 rhetorculos,
1480 2711 1605 2785 sciolos,

401 2793 524 2866 asellos,
536 2792 726 2866 tralatistas,
738 2794 890 2865 insanias,
901 2793 1112 2865 temeritates,
1123 2810 1254 2865 errores,
1274 2791 1437 2865 seandala,
1448 2792 1604 2867 haereses,

401 2874 617 2954 blasphemias
631 2874 649 2936 ’.
689 2873 735 2936 Et
750 2875 880 2935 interim
897 2879 1022 2935 tractat
1038 2879 1265 2954 argumentum
1280 2874 1316 2936 in
1332 2892 1398 2953 quo
1415 2873 1495 2935 nihil
1511 2874 1605 2935 intel·

399 2955 493 3035 ligit3
520 2956 615 3035 plane
630 2961 726 3018 vetus
740 2956 948 3035 prouerbium
961 2955 1055 3018 nobis
1069 2954 1218 3029 referens,
1235 2955 1284 3017 Ne
1298 2961 1390 3018 sutor
1404 2955 1491 3017 vltra
1505 2957 1604 3036 crepi-

356 3058 386 3111 35
400 3037 487 3099 dam.
511 3036 656 3098 Assumit
665 3056 723 3117 pro
732 3037 829 3099 certis
837 3038 958 3117 partim
966 3036 1137 3099 manifeste
1146 3036 1238 3110 falsa,
1248 3038 1367 3117 partim
1377 3043 1602 3100 controuersa:

401 3119 485 3180 hanc
507 3119 754 3181 translationem
777 3118 864 3180 Noui
887 3118 1089 3181 Testamenti
1111 3138 1180 3180 esse
1204 3118 1405 3199 Hieronymi,
1429 3118 1513 3181 hane
1536 3139 1606 3182 esse

400 3200 564 3280 proditam
575 3198 688 3262 afflatu
699 3202 805 3263 sancti
815 3199 964 3280 Spiritus,
977 3200 1061 3262 hano
1072 3206 1111 3262 vt
1122 3200 1222 3263 talem
1233 3199 1276 3262 ab
1288 3200 1431 3263 Ecclesia
1441 3207 1605 3281 receptam

400 3302 478 3344 esse.
512 3282 657 3344 Assumit
667 3301 719 3345 ms
730 3283 764 3344 iu
774 3282 836 3344 hoe
847 3283 992 3355 vertisse,
1004 3288 1044 3344 vt
1054 3301 1127 3344 mea
1137 3282 1308 3345 translatio
1321 3301 1396 3344 cum
1410 3284 1606 3345 auctoritate

399 3364 567 3445 legeretur,
585 3364 715 3426 exclusa
731 3366 843 3427 veteri.
882 3364 934 3426 Ex
950 3364 1001 3426 his
1017 3363 1252 3445 hypothesibus
1268 3384 1327 3426 eeu
1344 3365 1606 3445 compertissimis

354 3468 389 3520 40
400 3446 522 3525 colligit
535 3447 658 3508 omneis
668 3445 897 3508 translationes
911 3447 1103 3508 recentiores
1117 3466 1186 3509 esse
1200 3446 1414 3520 scandalosas,
1427 3445 1606 3509 haereticas

400 3528 658 3608 etblasphemas.
683 3526 729 3590 At
738 3547 804 3590 non
813 3527 905 3590 videt
913 3527 997 3590 hano
1006 3528 1236 3590 contumeliam
1245 3528 1605 3603 reoidereinThomam,

400 3609 534 3684 Bedam,
546 3615 581 3673 et
592 3611 756 3691 Lyranum
771 3630 779 3684 ;
802 3612 859 3690 qui
870 3609 1055 3691 frequenter
1065 3611 1171 3672 citant
1181 3609 1342 3672 diuersam
1353 3611 1533 3685 lectionem,
1545 3630 1606 3673 nec

435 3758 473 3794 ιι.
492 3743 686 3809 respondissem
694 3743 728 3793 H.
869 3756 959 3808 14-15.
978 3741 1055 3794 Idem
1067 3743 1232 3795 Lodouicum
1246 3761 1280 3794 a:
1305 3742 1376 3794 Item
1387 3741 1553 3794 Ludouicum
1570 3741 1607 3792 H.

402 3822 440 3872 15.
459 3810 564 3862 Christo
583 3810 678 3862 borum
688 3810 746 3862 odd
761 3810 795 3860 H.
875 3826 891 3861 e
910 3810 1030 3875 iscopnm
1045 3808 1225 3868 Basiliensem,
1240 3808 1388 3860 Iohannem
1403 3809 1461 3859 cdd.
1478 3807 1505 3858 N
1521 3807 1567 3869 (Ν1
1578 3810 1606 3859 ⁸:

400 3875 529 3927 loannem
596 3876 697 3938 hond).
877 3826 916 3927 id.
933 3875 1062 3941 pluraque
1081 3894 1107 3935 a,
1126 3874 1158 3939 cs.
1179 3874 1229 3939 Ep.
1252 3887 1323 3990 15p19.
1344 3875 1395 3937 89:
1425 3873 1550 3940 pleraque
1570 3872 1606 3924 H.

399 3954 440 3992 22.
459 3948 545 3994 wem.
559 3941 592 3991 H.
669 3955 710 4003 24.
729 3942 882 3994 inimicitius
893 3942 973 3992 lond
1053 3953 1093 4005 25.
1113 3940 1197 3992 Eas:
1219 3939 1272 3992 Sed
1311 3976 1317 3989 .
1397 3953 1437 4002 34
1456 3939 1556 3991 Nema.
1570 3938 1607 3990 H.

399 4020 439 4071 35.
459 4024 507 4072 pro
519 4008 596 4059 certis
608 4007 665 4057 edd.
678 4007 713 4058 H.
816 4008 958 4059 manifesto
971 4007 1006 4057 Η.
1117 4021 1160 4069 42.
1178 4024 1194 4054 α
1207 4006 1270 4057 LB:
1288 4004 1409 4057 Beddam
1423 4005 1501 4056 hored.

431 4204 456 4253 9.
475 4189 670 4253 cancellarium]
682 4190 721 4241 cf.
734 4190 784 4255 Ep.
795 4194 853 4255 643.
866 4193 909 4241 8u.
1026 4192 1055 4243 iu
1069 4191 1116 4243 the
1128 4207 1245 4243 summer
1259 4191 1287 4242 oi
1302 4194 1374 4255 1526.
1389 4188 1466 4242 while
1480 4190 1609 4243 Erasmus

434 4269 473 4305 11.
493 4257 601 4319 moneri]
638 4254 677 4306 Gi.
717 4256 786 4321 Epp.
825 4260 896 4322 1076.
932 4260 977 4317 6n‚
1027 4273 1080 4308 was
1096 4257 1218 4324 finishing
1232 4256 1279 4309 the
1293 4258 1406 4308 revision
1421 4256 1449 4307 oi
1462 4256 1509 4308 the
1522 4256 1610 4309 Notas

401 4335 473 4385 1479.
487 4323 546 4382 89n.
1026 4322 1235 4386 (upp.149.1
1274 4324 1318 4386 sit
1347 4321 1402 4373 and
1420 4323 1467 4374 tha
1486 4322 1610 4375 rolumea

434 4400 472 4448 13.
491 4386 645 4449 Iatomum]
687 4386 739 4437 For
778 4386 819 4438 his
857 4387 977 4438 attituda
1026 4338 1161 4452 appeared
1186 4390 1214 4439 in
1286 4388 1333 4440 rcb
1362 4400 1433 4454 1527.
1478 4388 1527 4440 See
1555 4388 1607 4454 Ep.

398 4451 514 4502 towards
544 4451 672 4503 Erasmus
701 4458 732 4503 at
762 4452 816 4504 this
845 4455 911 4504 time
942 4452 975 4503 ci.
1029 4456 1189 4518 ¹58¹·13711·

398 4516 449 4581 Ep.
464 4520 535 4582 1585.
548 4518 608 4568 Bou.
1060 4520 1101 4569 28.
1119 4519 1233 4584 Sutoris]
1244 4520 1294 4572 See
1304 4519 1354 4584 Ep.
1369 4531 1441 4582 1591.

434 4595 472 4646 ις.
492 4582 654 4700 BerumpCi.
668 4583 719 4647 Ep.
732 4597 791 4647 413.
807 4598 896 4649 10-13.
1060 4599 1100 4648 31.
1119 4584 1323 4652 theologastros]
1338 4583 1371 4635 Iu
1386 4584 1432 4635 the
1447 4584 1562 4650 opening
1578 4586 1609 4636 oi

465 4648 570 4700 Christo
608 4651 693 4713 orum]
745 4648 801 4700 The
854 4649 977 4702 addition
1026 4650 1067 4702 his
1085 4649 1213 4714 Apolopic
1229 4651 1294 4713 (LB.
1314 4652 1350 4701 ix.
1370 4664 1419 4715 739
1430 4653 1460 4713 n)
1479 4649 1610 4702 Erasmus

399 4713 477 4763 made
506 4716 534 4765 in
620 4714 797 4766 neoemitated
828 4731 844 4766 a
871 4714 976 4767 further
1024 4716 1129 4781 greatly
1139 4716 1163 4767 le
1200 4717 1278 4768 thena
1288 4717 1343 4768 this
1352 4714 1407 4766 list.

396 4777 520 4830 addition
532 4780 560 4829 in
571 4779 604 4830 N.
1059 4785 1100 4846 36.
1119 4732 1198 4845 badld
1221 4783 1277 4833 The
1298 4780 1430 4846 Vulgata:
1462 4796 1505 4830 see
1527 4795 1609 4847 capp.

465 4844 645 4909 Basiliensem]
661 4844 740 4896 otu
761 4883 767 4894 .
782 4860 840 4908 4¹2·
859 4849 947 4897 10-26.
1028 4863 1066 4913 13,
1084 4863 1114 4911 14
1128 4847 1156 4898 oi
1168 4848 1271 4899 Sutor’s
1284 4847 1322 4898 De
1334 4845 1469 4897 tralatione
1483 4845 1595 4898 Biblioe.

434 4912 472 4961 16.
491 4910 653 4975 Bobensem]
667 4912 716 4964 See
728 4861 778 4976 dp.
791 4926 849 4975 43²·
1057 4928 1100 4977 42.
1119 4914 1231 4977 Bedam]
1253 4914 1290 4963 Aa
1309 4928 1360 4963 one
1380 4912 1409 4962 oi
1428 4911 1475 4988 the
1489 4912 1611 4987 'authors

429 4991 472 5093 ἐρ.
490 4976 774 5093 puartppr]dllrasupus
794 4977 848 5028 had
868 4976 977 5043 already
1025 4980 1091 5057 used
1115 4979 1158 5030 ier
1175 4977 1230 5093 libo
1255 4977 1346 5028 Glossu
1370 4977 1530 5037 Ordrncnc3
1565 4978 1612 5031 ior

397 5044 977 5176 tillustussltttlbn.
1026 5044 1431 5174 'ltmbsltttlu
1446 5111 1522 5161 11⁶..
