3534 5984
312 683 374 743 488
668 679 859 744 LE'I'I'ERS
880 680 937 744 Ol.l
957 680 1157 745 ERASMUS
1435 687 1519 763 [1527

353 848 423 910 Hoc
435 847 599 919 admonui,
610 866 650 907 nc
662 847 734 925 quis
744 846 953 925 loquacitatis
962 848 1091 909 nomine
1101 846 1247 920 damnet,
1259 849 1356 928 quod
1368 850 1520 920 charitas,

313 949 395 1010 quae
411 929 492 991 nihil
507 928 596 990 aliud
612 929 739 1008 quacrit
754 947 852 1007 quam
868 928 1047 1002 aedificare,
1063 929 1155 991 dedit
1170 928 1365 992 auditorum
1383 930 1521 993 imbecil-

310 1012 410 1074 litati.
446 1011 498 1073 Sic
513 1018 548 1072 et
563 1010 683 1071 Paulus
699 1009 785 1090 apud
801 1010 1107 1084 Thessalonicenses,
1126 1010 1169 1072 ad
1186 1010 1321 1073 illorum
1340 1014 1523 1077 ruditatem

253 1109 302 1162 ¹90
314 1094 464 1156 submisit
473 1113 551 1166 sese,
563 1092 669 1154 iactus
680 1098 719 1153 vt
730 1091 885 1171 paruulus
895 1093 930 1153 in
941 1092 1049 1155 medio
1058 1112 1179 1166 eorum,
1191 1099 1357 1173 tanquam
1369 1097 1404 1157 si
1415 1096 1524 1158 numia

313 1177 424 1238 foueat
436 1175 519 1235 lilios
532 1194 616 1236 suos.
650 1174 717 1236 Neo
729 1175 909 1235 sententias
921 1181 1054 1253 argutas
1065 1195 1124 1236 nec
1137 1175 1399 1254 epiphonemata
1413 1184 1524 1257 captat

314 1277 461 1338 vsquam,
479 1257 596 1336 quibus
612 1255 695 1318 solet
710 1256 845 1317 excitari
860 1257 1023 1318 concionis
1039 1256 1238 1329 acclamatio,
1256 1257 1350 1336 quod
1367 1258 1525 1322 dictionis

315 1360 414 1420 genus
439 1339 562 1418 placuit
587 1337 785 1417 Hieronymo
809 1345 845 1398 et
869 1336 1061 1399 Ambrosio:
1100 1358 1158 1400 neo
1182 1339 1271 1399 iocos
1297 1339 1469 1403 admiscet
1492 1342 1525 1402 in

315 1422 433 1503 quibus
444 1420 593 1499 frequens
604 1426 665 1492 est,
677 1420 808 1480 interim
820 1425 855 1480 ct
865 1419 1066 1492 immodicus,
1078 1419 1306 1493 Tertullianus,
1319 1420 1528 1502 hequenticr

255 1514 300 1571 ¹95
317 1504 541 1582 Hieronymus,
563 1501 619 1563 sed
640 1509 796 1580 perpetua
815 1501 958 1579 quadam
979 1502 1135 1563 orationis
1155 1501 1362 1564 iucunditate
1384 1504 1526 1567 facilita-

315 1596 411 1664 teque
435 1584 562 1645 detinet
584 1583 774 1656 auditorum,
800 1584 924 1662 pietate
947 1582 1111 1644 delectans
1134 1584 1241 1644 verius
1264 1602 1366 1662 quam
1392 1586 1526 1649 facetia.

317 1667 558 1729 Ecclesiasticus
586 1671 695 1726 orator
722 1663 816 1725 facile
844 1666 983 1743 reperiet
1009 1684 1075 1744 quo
1103 1664 1241 1726 deliniat
1268 1665 1471 1742 oudilonem,
1500 1670 1529 1729 si

316 1746 940 1830 perfeceritvtnoritamctquepopulus
950 1746 1037 1825 quod
1047 1746 1155 1810 discit.
1186 1745 1526 1830 Affatimestinipsis

317 1832 443 1891 arcanis
456 1830 559 1890 literis
575 1828 662 1907 quod
677 1827 846 1907 voluptate
861 1827 1043 1890 demulceat
1058 1830 1128 1908 pios
1143 1829 1277 1902 animos,
1293 1830 1431 1893 etiamsi
1445 1831 1528 1893 nihil

254 1912 537 1973 ²00illecebrarum
562 1930 602 1971 cx
628 1917 795 1989 poetarum
820 1917 880 1971 aut
904 1911 1074 1972 mimorum
1100 1910 1221 1971 salibus
1245 1919 1445 1975 accersatur.
1494 1912 1528 1976 si

317 1995 374 2075 qui
394 1993 489 2054 docet
510 1992 613 2064 ardet,
634 1992 729 2053 facile
750 1991 924 2065 accendet;
958 1993 985 2053 si
1008 1993 1213 2054 vehementer
1233 1992 1355 2072 gaudet
1374 1994 1420 2056 iis
1442 2014 1527 2075 quae

317 2076 422 2147 docet,
444 2074 538 2135 facile
560 2073 766 2135 transfundet
787 2073 923 2135 eundem
945 2073 1099 2136 affectum
1119 2075 1301 2136 inanimes
1321 2075 1526 2139 auditorum.

318 2157 389 2218 Hoc
407 2164 529 2237 pectus,
549 2155 609 2217 hoc
627 2176 663 2216 os
676 2174 809 2217 aureum
823 2155 894 2217 foro
908 2156 1075 2236 prophano
1088 2156 1299 2230 destinatum,
1315 2156 1470 2221 Christus
1484 2159 1527 2221 ad

318 2237 487 2318 Euangelii
505 2239 709 2318 praeconium
727 2239 924 2299 interuertit.

255 2341 303 2393 2ος
359 2320 491 2382 Vtinam
514 2319 597 2381 tales
619 2328 761 2381 oratores
783 2339 868 2381 nunc
892 2319 1025 2382 haberet
1046 2319 1165 2399 vbique
1188 2319 1390 2383 Christianus
1414 2322 1525 2384 orbis!

318 2404 370 2464 Ab
389 2404 439 2464 his
457 2403 543 2464 enim
563 2403 730 2482 praecipue
750 2401 870 2481 pendet
887 2403 991 2463 totius
1009 2402 1203 2482 reipublicae
1221 2401 1402 2481 disciplina.
1447 2404 1527 2466 Ideo

318 2493 388 2547 tam
407 2484 488 2545 nihil
506 2503 586 2563 pene
605 2491 751 2546 tenemus
770 2484 810 2544 de
829 2483 1036 2563 dogmatibus
1055 2484 1268 2563 Euangelicae
1287 2484 1526 2565 philosophiae,

199 2591 201 2596 ·
318 2568 392 2628 idco
401 2568 447 2628 sic
457 2565 803 2645 {rigemusadeaquae
813 2572 891 2626 sunt
901 2566 1080 2639 charitatis,
1090 2565 1164 2627 idco
1174 2573 1244 2627 tam
1254 2565 1351 2626 dubie
1362 2566 1527 2630 credimus

319 2669 402 2732 quae
423 2647 586 2709 debebant
605 2667 673 2708 esse
694 2647 882 2720 certissima,
901 2648 979 2726 quia
996 2666 1069 2709 raro
1087 2647 1225 2728 populus
1242 2647 1336 2709 audit
1354 2650 1525 2713 conciona-

256 2748 308 2788 210
320 2740 406 2792 tores
420 2729 641 2809 Euangelicos,
660 2731 762 2790 rarius
779 2728 920 2791 idoneos.
961 2729 1006 2790 Et
1023 2737 1133 2791 tamen
1152 2729 1246 2791 hodie
1260 2729 1462 2791 commodior
1475 2740 1527 2793 est

320 2811 463 2874 conditio
472 2811 648 2872 dicentium
659 2829 757 2889 quam
768 2809 845 2871 olim
854 2811 929 2872 fuit.
961 2811 1043 2872 Tum
1054 2813 1139 2872 enim
1150 2812 1348 2891 paganitatis
1357 2811 1526 2891 reliquiae,

319 2894 535 2973 gladiatorum
557 2894 658 2972 paria,
681 2912 852 2954 concursus
874 2912 1039 2972 equorum,
1062 2892 1214 2967 athletae,
1238 2892 1370 2973 pugiles,
1394 2893 1526 2974 aliaque

320 2976 441 3037 theatri
452 2976 640 3047 certamina,
652 2974 777 3054 plebem
791 2975 975 3036 enecabant
986 2994 1006 3034 a
1018 2977 1168 3037 concione
1180 2993 1280 3048 sacra,
1293 2994 1352 3036 nec
1363 2976 1526 3057 episcopis
1554 3051 1558 3056 g

320 3057 423 3118 vllum
441 3056 531 3117 aliud
549 3057 599 3117 ius
617 3063 688 3117 erat
705 3075 804 3135 quam
822 3056 960 3136 linguae.
1000 3057 1052 3117 Ad
1070 3057 1149 3119 haec
1166 3058 1201 3118 in
1218 3058 1297 3137 ipsis
1316 3058 1527 3120 concionibus
1554 3062 1557 3067 ’

258 3156 306 3209 215
321 3138 517 3218 cogebantur
539 3137 694 3217 quiddam
717 3159 734 3199 e
757 3138 887 3199 theatro
909 3139 991 3218 pati,
1015 3138 1134 3212 sibilos,
1159 3158 1202 3219 ap
1223 3138 1342 3211 lausus,
1366 3139 1525 3201 acclama-

321 3222 436 3291 tiones,
460 3218 721 3299 gesticulationes
742 3219 927 3299 hequenter
948 3219 1123 3293 indecoras,
1147 3158 1265 3300 quillus
1287 3220 1339 3282 vel
1362 3224 1527 3303 corrumpi

321 3302 373 3362 vel
389 3300 588 3381 interpellari
604 3308 733 3380 poterat
748 3301 886 3363 dicentis
901 3303 1051 3381 impetus.
1090 3301 1135 3364 Et
1150 3310 1261 3364 tamen
1277 3302 1527 3382 chrysostomus

322 3382 467 3462 quotidie
483 3382 617 3461 loquens
634 3382 754 3463 populo
770 3383 920 3462 frequens
936 3383 1079 3445 habebat
1095 3383 1301 3445 auditorium.
1341 3382 1420 3457 Quis
1436 3387 1526 3447 enim

322 3484 387 3526 non
409 3463 522 3525 mallet
542 3464 642 3526 talem
664 3466 768 3525 virum
791 3465 902 3526 audire
923 3465 964 3526 de
985 3465 1080 3526 rebus
1101 3466 1222 3527 diuinis
1242 3473 1338 3527 tanta
1358 3468 1527 3530 suauitate

259 3565 310 3603 22ο
322 3547 541 3618 disserentem,
564 3565 662 3626 quam
685 3553 829 3626 spectare
851 3546 1045 3626 gladiatores
1067 3554 1127 3608 aut
1147 3566 1247 3626 equos
1268 3554 1442 3620 currentes,
1465 3557 1528 3611 aut

321 3628 431 3690 ludere
449 3628 582 3690 aleam?
621 3628 715 3690 Nunc
733 3627 862 3690 sublata
878 3636 956 3690 sunt
973 3636 1186 3690 auocamento
1202 3628 1342 3709 publica.
1381 3628 1527 3709 Populus

323 3711 454 3772 humilis
472 3718 507 3771 et
526 3712 655 3790 quietus
675 3729 792 3790 magna
810 3710 962 3790 religione
982 3710 1095 3790 prebet
1114 3730 1216 3785 aures,
1236 3711 1317 3773 nihil
1335 3710 1527 3791 obstrepens

323 3794 451 3854 etiamsi
472 3792 552 3871 qnid
574 3792 704 3853 absurdi
725 3792 907 3872 proferatur
927 3813 945 3853 e
966 3799 1136 3872 suggesto:
1169 3799 1204 3854 et
1225 3800 1335 3855 tamen
1356 3794 1525 3855 conciona-

323 3882 431 3935 torum
446 3874 633 3935 idoneorum
650 3875 732 3933 mira
746 3880 797 3934 est
811 3875 939 3947 raritas,
956 3893 1056 3953 quum
1072 3875 1303 4018 epipccporum,
1320 3875 1526 3938 sacerdotum

260 3975 309 4027 225
324 3974 361 4017 ac
383 3956 610 4017 monachorum
631 3962 726 4017 tanta
746 3957 791 4017 sit
810 3954 929 4035 vbique
950 3958 1052 4036 copia.
1161 3956 1236 4018 inde
1256 3976 1321 4018 non
1342 3963 1527 4036 postremae

324 4037 428 4098 laudis
446 4037 584 4099 habetur
600 4039 685 4099 inter
704 4044 764 4098 tua
781 4036 961 4110 benefacta,
981 4037 1051 4099 Rex
1069 4037 1199 4118 inclyte,
1220 4039 1307 4117 quod
1326 4038 1377 4101 hic
1395 4058 1526 4119 quoque

323 4121 440 4198 vigilat
469 4127 529 4181 tua
560 4120 673 4199 pictas,
702 4126 741 4180 vt
768 4120 835 4180 sint
861 4119 968 4180 idonei
995 4121 1052 4199 qui
1082 4120 1263 4182 doctrinam
1295 4120 1527 4201 Euangelicam

324 4200 571 4263 subministrent
585 4199 714 4281 populo.

365 4283 446 4344 Erat
455 4284 543 4344 omni
550 4283 701 4344 decorum
709 4288 848 4361 etopum
856 4301 969 4361 genere
978 4280 1203 4344 florentissima
1210 4283 1527 4365 Constantinopolis:

262 4381 311 4433 230
324 4384 436 4425 verum
462 4364 618 4425 Arcadius
645 4364 826 4444 Imperator
851 4383 917 4425 non
943 4365 1153 4426 existimabat
1178 4385 1270 4427 suam
1297 4367 1465 4428 ciuitatem
1490 4376 1528 4431 et

323 4446 449 4525 imperii
474 4448 592 4506 summi
617 4446 725 4507 sedem
750 4453 802 4507 sat
826 4446 1039 4525 splendidam,
1065 4448 1128 4508 nisi
1152 4455 1187 4509 et
1209 4448 1366 4528 insignem
1392 4448 1527 4511 haberet

361 4607 416 4657 194
433 4597 740 4649 interimetimmodicus
751 4600 852 4654 udde:
870 4615 970 4662 emmer.
1039 4614 1097 4664 ²²5·
1116 4600 1263 4651 Proinde..
1276 4601 1350 4652 .228.
1369 4602 1526 4718 populoayr

324 4660 420 4712 Hacin
431 4668 507 4727 parte
536 4666 657 4742 raecipue
669 4665 778 4743 vigilara
791 4666 911 4730 oportuit
921 4666 1069 4743 principum
1081 4672 1109 4717 et
1123 4668 1211 4732 spisco
1246 4682 1305 4718 rum
1320 4669 1397 4747 proui
1415 4670 1526 4747 entiam,

322 4732 508 4804 rtparenturi
528 4745 587 4779 ouer
596 4736 722 4807 pastores,
734 4746 780 4796 qui
791 4730 861 4809 bona
872 4730 923 4781 lide
932 4731 1085 4796 dispensent
1095 4733 1194 4798 populo
1228 4733 1380 4798 uangehcac
1389 4734 1527 4813 doctrinae

323 4792 1053 4926 tlulunlttlltlhtlltluttlw
1068 4798 1153 4849 ”⁰⁰¹³
1169 4813 1251 4864 qum
1266 4800 1419 4851 mmm
1434 4815 1525 4851 Μ

560 5042 618 5079 221.
636 5027 725 5091 Nunc]
743 5030 767 5080 A
786 5029 895 5081 notable
913 5029 1074 5096 description
1093 5031 1121 5083 ci
1132 5031 1180 5084 tha
1192 5034 1278 5085 times
