3534 5984
378 705 439 767 228
733 703 927 767 LE'I'PERS
949 703 1005 767 OF
1026 702 1226 767 ERASMUS
1488 707 1584 783 [1525

377 872 506 925 Emunus
516 889 547 925 aa
558 872 566 894 ⁴
576 872 748 940 preaoaptor'
762 872 828 936 (LB.
840 871 911 939 App.
924 873 1008 951 35⁸)·‚
1023 871 1104 952 Their
1113 872 1245 937 intimacy
1255 871 1346 924 iselae
1360 872 1454 924 shown
1464 872 1503 940 hy
1513 873 1584 1003 Epp.

380 941 454 1018 1837,
469 953 543 1002 1994.
558 953 615 990 1-2.
644 938 773 1018 ¹Epasrnus
784 937 927 1025 dedicated
939 943 970 988 tc
981 937 1037 989 hun
1049 937 1091 990 hu
1102 936 1206 989 lament
1217 953 1282 989 over
1292 937 1399 990 Froben
1411 938 1473 1005 (Ep.
1488 952 1555 1001 1900
1577 958 1586 1000 ς

377 1002 1404 1137 “ἓιῗὲὲἓὲᾯνᾚιῖἱῗιὶξ“ἅὲιὶἰΐῗοᾞἳὲξὲῐῖἳᾲῗῖμει]

477 1216 631 1263 mesura
650 1216 726 1262 ror.
748 1216 871 1263 mlum
891 1215 1121 1272 nuansrsmo,
1144 1216 1355 1262 cmrvenso
1375 1217 1480 1263 1vxrs

835 1297 1023 1355 novemve,
1046 1297 1074 1343 e.
1088 1297 1121 1343 u.

417 1388 499 1451 Mox
512 1408 533 1450 a
545 1388 647 1451 literis
660 1390 726 1451 tuis
739 1388 875 1451 redditis
888 1388 1008 1467 obtigit
1021 1388 1078 1468 qui
1091 1393 1218 1468 peteret
1230 1387 1454 1463 Brabantiam,
1467 1390 1581 1471 itaque

376 1471 474 1533 mitto
485 1472 698 1553 epitaphium,
710 1491 751 1534 ex
762 1476 908 1551 tempore
919 1470 1049 1551 quidem
1062 1470 1120 1532 sed
1130 1490 1196 1532 non
1207 1471 1330 1551 absque
1342 1490 1419 1533 cura
1429 1471 1555 1535 iactum
1572 1492 1578 1533 :

398 1553 464 1615 uod
483 1553 583 1616 nolim
603 1554 791 1634 asperneris,
811 1553 874 1615 nisi
893 1551 1058 1615 Conredus
1078 1550 1248 1614 Goclenius
1266 1552 1419 1615 iudicarit
1437 1554 1579 1617 reiicien-

375 1572 464 1697 dum.
501 1635 535 1699 si
548 1635 707 1715 displicet,
722 1636 873 1697 mittetur
886 1634 976 1697 eliud
988 1633 1195 1696 elaboratius.
1230 1633 1316 1696 Nam
1331 1634 1445 1715 Dorpii
1459 1655 1578 1698 memo·

347 1717 457 1792 priam
475 1717 574 1779 etiam
592 1718 696 1779 habeo
713 1722 961 1779 sacrosanctam.
1001 1715 1209 1795 Deplorarem
1228 1723 1365 1779 mortem
1382 1716 1469 1780 illius
1487 1738 1578 1798 prse-

374 1796 1578 1962 &hildimffidiihtihimiiiimfflemiiffii‘

374 1968 409 2024 et
426 1962 455 2024 si
462 1961 690 2106 (ffimimum
708 1968 792 2024 esset
809 1961 963 2035 seculum,
982 1962 1062 2023 nihil
1079 1968 1191 2025 tamen
1208 1962 1332 2025 felicius
1350 1983 1449 2044 quam
1468 1931 1578 2027 viuerd

375 2062 450 2105 oum
527 2044 599 2106 'to.

331 2143 362 2181 10
414 2124 467 2187 Ad
490 2126 606 2205 optimi
630 2126 732 2205 patris
755 2124 888 2187 Ioannis
912 2124 1029 2205 Delphi
1054 2127 1251 2189 mentionem
1274 2146 1346 2189 eum
1370 2128 1578 2191 vehementer

373 2206 581 2269 exhilaratus.
621 2206 667 2269 Vt
683 2226 810 2288 semper
826 2207 931 2281 floret,
950 2208 1099 2287 quamuis
1116 2210 1151 2271 in
1169 2208 1297 2272 deiecto
1315 2229 1457 2290 corpore,
1475 2229 1576 2291 purus

373 2293 409 2350 et
426 2288 551 2369 integer
569 2289 716 2351 animust
759 2288 799 2351 Ei
819 2290 958 2353 mulum
978 2310 1019 2352 ex
1039 2309 1090 2352 me
1109 2290 1248 2354 salutem
1267 2291 1355 2354 dices
1374 2297 1409 2354 et
1427 2298 1576 2355 amanter

373 2375 408 2431 et
430 2369 609 2450 diligenter.
654 2371 769 2451 Dorpii
791 2372 978 2433 memoriam
1001 2391 1068 2434 non
1091 2374 1199 2452 patier
1220 2372 1420 2447 intercidere,
1444 2373 1576 2455 siquid

372 2470 446 2514 mea
461 2454 583 2532 scripte
598 2453 765 2515 valebunt.
804 2453 924 2517 Sancto
940 2460 1000 2516 tuo
1016 2453 1168 2516 sodalitio
1185 2474 1237 2517 me
1254 2455 1504 2531 commendabis,
1522 2457 1574 2519 cui

327 2551 358 2607 ις
371 2552 484 2614 precor
506 2554 634 2597 omnem
655 2537 690 2597 in
712 2534 840 2597 Christo
861 2534 1062 2599 felicitatem.
1106 2535 1227 2609 Habes,
1250 2538 1351 2600 amice
1374 2538 1573 2613 suauissime,

370 2616 542 2697 epistolam
556 2618 722 2697 epitaphio
736 2617 873 2680 similem
887 2637 894 2690 ;
921 2618 1117 2698 properabat
1131 2618 1273 2681 tabellio.

411 2696 557 2761 Besileae
574 2717 620 2761 ιι.
639 2700 683 2762 id.
701 2699 861 2762 Nouemb.
879 2699 1172 2764 Annonem.

855 2862 1074 2910 mmmm.

573 2953 732 3015 Martinus
751 2953 808 3015 vbi
827 2960 930 3016 terras
948 2953 1080 3034 reliquit
1099 2954 1150 3016 Do
1189 2956 1250 3029 ius,

573 3035 675 3097 Suum
693 3035 774 3097 orba
792 3041 924 3115 partum
944 3034 1002 3098 flet
1020 3055 1136 3116 parens
1150 2974 1328 3113 {olandia

573 3116 752 3197 Theologus
771 3116 852 3178 ordo
870 3116 961 3198 luget
979 3118 1161 3181 extinctum
1180 3119 1287 3193 decus,

572 3198 693 3260 Tristes
712 3196 891 3261 camoenae
911 3198 1056 3262 candidis
1076 3219 1150 3263 cum
1169 3199 1290 3264 Gratiis

571 3280 714 3341 Tantum
732 3285 908 3360 patronum
926 3280 1099 3361 lachrymis
1118 3282 1312 3358 desiderant,

572 3361 781 3423 Louaniensis
801 3362 905 3423 omnis
925 3362 1098 3444 opplorans
1116 3365 1227 3428 echela

572 3442 667 3506 Sidus
688 3462 783 3505 suum
804 3445 951 3524 requirit,
976 3444 1025 3508 ‘0
1047 3446 1154 3508 mors’
1176 3448 1323 3528 inquiens

574 3523 748 3599 ‘Crudelis
768 3530 874 3600 atrox,
894 3545 1002 3600 saeue,
1021 3528 1135 3608 iniqua
1152 3534 1187 3591 et
1205 3529 1326 3604 inuida,

571 3605 659 3668 Itau’
681 3613 758 3670 ante
778 3613 909 3689 tempus
930 3608 1077 3672 floridum
1099 3610 1246 3673 arborem
1268 3632 1388 3686 secans,

570 3689 635 3751 Tot
655 3689 797 3763 dotibus,
817 3695 872 3753 tot
892 3691 1010 3771 spebus
1031 3692 1136 3767 orbas,
1158 3694 1302 3756 omnium

570 3770 732 3851 Suspensa
750 3778 831 3835 vota
844 3770 881 3834 i’
922 3772 1063 3837 Premite
1082 3793 1178 3838 voces
1196 3776 1323 3861 impias.

570 3852 645 3915 Non
663 3854 761 3934 periit
778 3853 854 3928 ille;
886 3855 981 3930 viuit,
1001 3875 1039 3917 ac
1059 3855 1152 3919 dotes
1170 3876 1246 3919 sues

570 3934 665 3998 Nunc
685 3941 761 3998 tuto
781 3936 892 4011 habet,
913 3937 1092 4000 subductus
1112 3957 1194 4001 aeuo
1213 3940 1361 4019 pessimo.

570 4016 645 4078 Sors
662 4023 776 4081 noema
793 4018 901 4081 flende
919 4025 979 4092 eet,
998 4018 1227 4099 gratulandum
1245 4027 1297 4084 est
1314 4022 1447 4103 Dorpio.

569 4096 659 4160 Heec
678 4105 766 4162 terra
785 4106 896 4162 seruat
915 4102 1034 4163 mentis
1053 4101 1231 4182 hospitium
1251 4104 1324 4184 piee

568 4179 810 4259 Corpusculum,
829 4182 919 4262 quod
937 4181 980 4244 ed
998 4201 1135 4246 canorae
1153 4184 1307 4247 buccinae

568 4259 687 4322 Vocem
706 4263 871 4343 resignans
891 4265 1017 4344 optime
1035 4264 1150 4328 reddet
1169 4265 1242 4328 fide.

880 4409 919 4460 17.
938 4396 1004 4448 Idus
1015 4396 1051 4448 N.

365 4458 615 4485 —L——-.

399 4558 421 4596 ι.
439 4544 534 4611 literis]
548 4546 605 4597 Not
616 4552 721 4601 extant.
1022 4553 1061 4607 18.
1081 4556 1265 4621 murm]
1277 4554 1351 4607 First
1361 4555 1470 4623 printed
1479 4556 1510 4609 iu
1520 4556 1569 4610 the

398 4625 437 4662 ιο.
457 4610 565 4677 Delphi]
582 4612 759 4681 Presumably
773 4633 790 4668 a
806 4618 901 4669 native
915 4617 944 4669 oi
984 4617 1285 4681 omoeusion
1293 4623 1485 4739 22844353
1504 4624 1570 4675 with

361 4674 443 4726 Delit.
459 4676 520 4727 who
534 4694 590 4730 was
603 4694 620 4729 a
636 4681 756 4732 member
769 4682 799 4733 oi
812 4682 859 4736 the
874 4684 943 4735 Lou-
984 4700 1021 4736 no
1028 4686 1138 4737 variant
1145 4690 1243 4754 except
1249 4687 1292 4739 Ha
1330 4687 1431 4752 namu.
1443 4690 1494 4752 ιο).
1519 4689 1570 4742 See

361 4742 424 4791 vain
435 4740 637 4795 Oharterhouse.
985 4750 1041 4802 also
1054 4750 1104 4817 Ep.
1120 4765 1185 4815 1900
1194 4769 1222 4803 ιι.
