3534 5984
360 712 401 772 02
716 709 910 773 mrrass
932 709 988 772 OF
1008 708 1209 772 ERASMUS
1471 712 1566 788 [1525

361 874 450 953 apud
462 893 521 935 vos
534 874 578 935 sit
590 872 693 935 facilis
707 874 803 936 venia
814 875 932 947 nescio,
947 875 1036 954 apud
1049 875 1154 937 Deum
1167 876 1234 937 scio
1247 875 1408 937 difficilem
1421 875 1567 938 futuram

301 965 349 1019 180
360 957 400 1017 iis
413 957 471 1036 qui
485 962 537 1018 tot
552 955 729 1028 mendacia,
745 962 798 1017 tot
811 956 1000 1030 calumnias,
1011 958 1190 1031 totlumos,
1200 964 1254 1020 tot
1267 957 1383 1039 glorias
1394 957 1568 1020 effundunt

360 1040 395 1099 in
407 1038 530 1099 famam
542 1038 690 1117 proximi.
725 1038 833 1099 Doceo
849 1038 950 1100 Icum
960 1040 994 1100 in
1005 1039 1054 1101 his
1064 1040 1183 1120 quibus
1191 1041 1322 1120 impetit
1333 1060 1393 1113 me,
1406 1040 1567 1119 quaedam

361 1140 500 1182 asserere
520 1119 630 1199 palam
651 1120 822 1182 haeretica.
865 1120 933 1183 Nec
954 1121 1054 1184 habet
1074 1142 1260 1202 quenquam
1281 1128 1351 1183 tam
1373 1124 1513 1183 amicum
1533 1124 1568 1183 in

361 1202 478 1282 Anglia
507 1204 565 1282 qui
596 1203 683 1263 ausit
718 1202 797 1264 haee
827 1202 1009 1265 defendere.
1059 1203 1124 1266 Leo
1153 1205 1226 1284 ipsa
1261 1204 1379 1285 Anglia
1412 1206 1568 1284 imposuit

361 1283 536 1357 silentium,
557 1304 617 1346 nec
637 1284 711 1345 vllis
731 1285 834 1365 magis
854 1284 1019 1365 displicuit
1038 1285 1120 1347 illud
1138 1305 1219 1365 opus
1261 1306 1337 1347 uam
1355 1287 1413 1366 qui
1429 1286 1567 1347 illitum

301 1374 347 1441 185
361 1372 481 1427 n'atura
500 1373 573 1428 tum
593 1365 820 1429 beneuolentia
838 1373 917 1428 aunt
937 1368 1199 1430 coniunctissimi.
1237 1306 1334 1443 buod
1357 1369 1385 1429 ai
1409 1367 1569 1447 prodisset

361 1448 497 1529 frigidus
528 1448 582 1510 ille
612 1448 740 1510 libellus
770 1468 869 1528 quem
901 1450 1042 1527 primum
1075 1451 1247 1530 scripserat
1278 1457 1313 1512 et
1352 1449 1435 1511 clam
1470 1451 1567 1511 vicies

362 1530 560 1609 descriptum
591 1536 754 1609 sparserat
785 1550 842 1610 per
873 1531 1004 1603 amieos,
1060 1551 1119 1592 uos
1150 1532 1296 1606 ronches,
1330 1551 1411 1610 quas
1450 1551 1568 1593 sannas

361 1613 563 1674 excitasset?
604 1612 739 1674 Inerant
756 1611 821 1673 illic
841 1612 1032 1674 manifestae
1073 1613 1279 1692 lasphemiae.
1319 1613 1405 1676 Nam
1424 1614 1451 1674 is
1471 1634 1568 1693 quem

363 1694 486 1756 aedidit
505 1694 649 1756 maxima
667 1714 708 1755 ex
728 1700 821 1773 parte
840 1700 892 1756 est
911 1694 1057 1756 aliorum.
1099 1695 1195 1757 Dices
1214 1716 1266 1757 me
1285 1697 1454 1757 somniare.
1496 1696 1567 1757 Imo

303 1796 352 1847 190
362 1775 482 1838 librum
493 1775 586 1838 illum
601 1775 762 1837 habebam
776 1783 954 1856 antequam
968 1796 1041 1838 mea
1054 1778 1218 1857 responsio
1233 1784 1318 1839 esset
1332 1777 1491 1840 absoluta.

403 1858 539 1921 Stunica
557 1857 645 1936 apud
663 1857 827 1937 Hispanos
845 1858 994 1931 habetur,
1014 1865 1052 1919 vt
1070 1866 1131 1932 est,
1150 1879 1209 1939 pro
1228 1860 1356 1921 homine
1375 1866 1414 1921 vt
1431 1859 1568 1939 glorioso

362 1940 412 2001 ita
429 1958 544 2018 parum
561 1939 717 2001 cordato:
748 1941 838 2002 cuius
855 1941 1088 2020 sycophantiae
1101 1960 1201 2021 quam
1214 1941 1394 2022 placuerint
1408 1940 1567 2013 Pontifici,

362 2022 444 2082 satis
467 2020 611 2083 declarat
635 2021 724 2101 quod
748 2023 847 2084 toties
871 2030 922 2084 est
945 2022 992 2083 illi
1015 2024 1205 2102 impositum
1228 2023 1402 2096 silentium,
1429 2024 1568 2103 primum

364 2123 384 2164 a
407 2101 523 2176 Iasona
547 2122 623 2164 mox
647 2123 667 2164 a
689 2111 784 2165 coetu
806 2103 1036 2177 cardinalium,
1059 2124 1186 2166 rursum
1209 2105 1252 2167 ab
1274 2105 1426 2178 Adriano,
1450 2106 1569 2166 iterum

303 2204 349 2255 ¹95
364 2203 385 2247 a
403 2184 637 2257 cardinalibus,
657 2192 821 2265 postremo
841 2206 862 2247 a
880 2185 1044 2249 Clemente
1063 2188 1155 2261 serio,
1176 2194 1216 2249 vt
1235 2188 1268 2248 ni
1287 2188 1473 2267 quieuissct,
1494 2206 1567 2248 con-

364 2267 521 2329 iiciendus
534 2267 633 2329 luerit
646 2268 681 2329 in
694 2267 835 2329 vincula.

330 2363 332 2366 ·
405 2349 550 2411 Primum
565 2369 624 2411 nec
639 2349 774 2412 Stunica
788 2369 847 2412 uec
863 2349 947 2411 Icus
961 2356 1033 2411 erat
1047 2351 1075 2411 ia
1090 2352 1147 2430 qui
1162 2350 1310 2413 debuerit
1324 2351 1386 2413 sibi
1401 2369 1569 2412 censuram

363 2433 603 2494 iumeaumere.
635 2430 759 2507 Quibus
767 2432 796 2494 si
804 2431 1035 2494 nondeiuissct
1044 2431 1201 2506 doctrina,
1211 2440 1322 2495 tamen
1331 2431 1394 2493 lide
1403 2433 1568 2504 carebant,

364 2515 422 2594 qui
440 2521 511 2577 tam
531 2515 693 2594 impotens
713 2513 823 2575 odium
844 2533 921 2593 prae
941 2534 975 2576 se
994 2514 1152 2588 ferebant,
1173 2516 1231 2595 qui
1250 2521 1381 2577 tantum
1401 2514 1571 2593 spirabant

301 2598 470 2659 acoinanis
490 2596 620 2678 gloriae.
663 2597 782 2659 Fateor
803 2596 1094 2676 obtemperandum
1115 2616 1183 2658 esse
1206 2598 1360 2671 monenti,
1383 2596 1440 2658 sed
1461 2597 1492 2658 ei
1514 2597 1570 2676 qui

365 2678 801 2842 fflrffinlffthl
817 2678 1257 2823 zllffillmhitlrlh
1280 2677 1571 2823 immiti

365 2862 443 2922 prae
454 2863 488 2904 se
498 2843 583 2905 ferat
594 2843 739 2905 studium
750 2842 882 2904 occiden
908 2843 955 2904 'si
1041 2843 1096 2904 it?
1130 2841 1209 2918 Quis
1220 2843 1349 2904 hauriat
1360 2843 1571 2921 pharmacum

367 2945 387 2986 a
401 2926 526 2986 medico
541 2932 734 3004 porrectum,
750 2925 807 3004 qui
822 2943 900 3004 prae
914 2944 949 2985 se
977 2931 1048 2986 erat
1063 2925 1207 2986 animum
1223 2924 1377 3005 perdendi
1391 2930 1570 3005 aegrotum,

302 3026 349 3078 205
366 3026 432 3068 non
453 3006 630 3068 medendi?
672 3006 777 3067 Multo
797 3025 875 3067 vero
895 3007 939 3068 sit
959 3007 1110 3079 insanior,
1132 3007 1189 3087 qui
1210 3027 1244 3068 se
1264 3007 1451 3069 committat
1470 3005 1571 3067 talem

366 3090 511 3150 animum
534 3088 694 3150 adserenti
716 3106 790 3149 cum
812 3088 976 3167 imperitia
997 3088 1127 3150 meandi
1150 3094 1209 3149 aut
1232 3088 1422 3150 medicandi.
1467 3087 1573 3149 Multa

365 3169 501 3232 laudata
510 3171 634 3231 correxi
643 3190 684 3231 ex
694 3189 756 3243 me,
767 3169 1002 3249 quidiacturus
1012 3171 1122 3251 siquis
1131 3170 1248 3232 doetus
1257 3171 1359 3232 amice
1369 3170 1570 3232 monuisset?

368 3251 413 3313 Et
437 3258 477 3313 vt
565 3270 656 3313 oscas
679 3259 841 3332 quantum
867 3251 971 3313 absim
996 3272 1017 3313 a
1040 3253 1229 3332 pertinacia,
1255 3252 1415 3333 quaedam
1440 3258 1572 3313 coactus

367 3353 440 3396 sum
460 3353 495 3395 er
538 3354 601 3408 ere,
620 3352 705 3413 quae
723 3334 882 3395 monitore
902 3333 967 3396 Leo
985 3341 1199 3396 mutaueram.
1248 3333 1350 3410 Quem
1368 3335 1396 3395 ai
1414 3340 1572 3413 sequutus

303 3415 499 3477 noluissem
525 3417 559 3477 in
586 3415 746 3488 omnibus,
771 3415 931 3496 legeretur
956 3415 1107 3478 inlibris
1133 3417 1213 3478 meis
1237 3416 1326 3497 quod
1376 3415 1462 3477 alam
1488 3421 1573 3477 esset

367 3499 565 3561 haereticum
579 3518 586 3561 :
611 3518 677 3560 non
688 3497 803 3578 loquor
814 3498 855 3559 de
867 3497 1074 3578 dogmatibus
1086 3498 1294 3572 scholasticis,
1308 3518 1323 3559 s
1377 3498 1417 3560 de
1430 3497 1573 3559 articulis

358 3578 453 3641 fidei.
490 3581 537 3642 Ac
552 3600 594 3643 ne
609 3580 715 3642 multa
728 3599 985 3652 commemorem,
1003 3581 1063 3642 hoc
1077 3581 1185 3661 ipsum
1200 3581 1289 3662 quod
1303 3587 1342 3643 tu
1356 3580 1572 3659 reprehendis,

368 3660 477 3723 Iesum
495 3663 575 3725 nulli
592 3663 778 3725 mortalium
794 3662 942 3724 debuisse
959 3662 1187 3738 obedientiam,
1206 3683 1246 3724 ex
1264 3663 1408 3725 Oaranaa
1425 3661 1571 3724 Stunica·

368 3765 432 3825 que
450 3745 559 3819 didici,
578 3765 768 3827 quanquam
784 3744 832 3807 illi
851 3744 956 3807 multo
968 3744 1055 3806 idem
1067 3745 1233 3807 inculcant
1246 3744 1396 3806 cdiosirm.
1438 3744 1482 3805 Et
1495 3749 1573 3805 sunt

305 3845 352 3898 215
369 3827 433 3889 alia
465 3829 515 3890 his
542 3830 645 3909 magis
670 3829 782 3910 impia,
809 3828 837 3890 si
867 3827 1000 3889 vacabit
1024 3827 1153 3889 illorum
1172 3827 1358 3890 ¹calumniae
1384 3833 1419 3888 et
1445 3832 1573 3888 nostras

368 3910 541 3991 Apologias
554 3911 668 3992 legere.

410 3992 455 4054 Et
471 3993 586 4055 horum
601 3993 781 4055 calumniae
797 3992 924 4073 pondus
940 3991 1062 4053 habent
1078 3992 1166 4072 apud
1182 4011 1251 4065 vos,
1267 4010 1369 4072 quum
1385 3998 1438 4053 tot
1453 3992 1572 4071 episco-

367 4092 494 4215 porum,
521 4082 574 4137 tot
598 4075 708 4138 theolo
729 4094 822 4137 orum
847 4080 947 4155 atque
972 4075 1072 4136 ctiam
1098 4074 1239 4136 Romani
1265 4071 1430 4135 Pontifieis
1454 4072 1574 4134 iudicio

380 4174 439 4216 eae
452 4157 496 4217 sit
509 4156 647 4235 pondus.
724 4157 780 4218 ‘ud
793 4162 854 4230 est,
867 4156 986 4236 inquis,
1001 4156 1131 4235 probari
1144 4156 1187 4218 ab
1202 4157 1322 4227 amicis,
1337 4154 1427 4215 aliud
1438 4155 1574 4215 iudicari

305 4253 356 4291 220
370 4235 412 4297 ab
426 4238 574 4311 inimicis,
590 4239 648 4318 qui
663 4238 786 4300 nodum
800 4240 901 4300 etiam
916 4239 952 4299 in
966 4257 1083 4318 scyrpo
1097 4243 1269 4318 quaerunt.
1306 4235 1426 4298 (laeuus
1441 4234 1573 4315 quidem

369 4323 419 4378 est
432 4337 523 4379 amor
535 4320 717 4393 vehemens,
732 4327 768 4382 at
780 4319 884 4382 multo
896 4320 1021 4381 caesim
1034 4319 1144 4381 odium
1158 4339 1166 4381 τ
1190 4318 1247 4381 sed
1259 4318 1423 4399 ingenium
1436 4317 1574 4378 hominis

370 4398 474 4460 multo
494 4402 683 4497 propensius
702 4404 807 4464 estin
827 4401 938 4463 odium
958 4419 1058 4483 quam
1076 4402 1112 4463 in
1132 4420 1284 4464 amorem.
1327 4398 1390 4474 Qui
1410 4418 1482 4460 mea
1502 4417 1573 4479 pro·

370 4480 490 4543 barunt
511 4482 592 4564 qmd
611 4491 683 4547 erat
703 4504 788 4564 quur
807 4491 980 4564 tantopere
1000 4483 1199 4546 caecutirent
1219 4502 1328 4546 amore
1349 4482 1423 4557 mei,
1445 4482 1503 4564 qui
1524 4501 1575 4542 me

405 4689 460 4751 183.
478 4691 507 4741 in
519 4685 625 4753 anglia]
637 4687 684 4739 See
696 4687 745 4752 Ep.
760 4685 933 4752 1037mu0u.
996 4688 1086 4739 action
1099 4702 1153 4739 aas
1165 4687 1283 4740 dimetati
1296 4690 1401 4756 against
1414 4688 1461 4740 the
1474 4688 1575 4739 theolo-

405 4752 662 4817 194.a1aone]sae
715 4765 881 4817 .1213.35n.
996 4753 1258 4819 giamollcuvain.

435 4816 683 4877 Cardinaliam]Sae
737 4832 829 4880 .13ca.
843 4830 902 4882 59n.
1033 4833 1087 4883 195.
1106 4818 1515 4884 CardinalibuaJSseEp.1433.
1534 4832 1572 4878 14.

436 4885 471 4935 ab
495 4882 623 4945 Adriano]
648 4883 681 4935 01
705 4884 744 4932 t'
782 4884 904 4933 occasion
932 4883 946 4933 1
1064 4883 1209 4947 Clemente]
1242 4886 1290 4938 iles
1320 4886 1389 4950 Epp.
1426 4897 1496 4945 1431.
1535 4897 1574 4945 13,

369 4966 420 5002 can
440 4948 644 5002 flndnolrsca.
689 4949 815 5000 Erasmus
831 4946 946 5025 perhaps
997 4953 1321 5065 1433.15,1488,15-1qi

369 5015 811 5079 hadinhiamindthesaquauea
844 5014 946 5065 'reum
1028 5028 1086 5077 213.
1105 5015 1290 5076 emmffiee
1322 5026 1572 5078 p.1277.22n,24n.

370 5084 420 5150 Ilp.
445 5096 526 5147 1433;
557 5080 651 5142 ubera,
672 5079 801 5141 however,
846 5078 952 5129 drisn's
1028 5092 1086 5141 219.
1105 5077 1204 5145 inquis]
1217 5081 1266 5145 ΕΡ.
1283 5091 1356 5142 1579.
1370 5077 1448 5140 84-6.
