3534 5984
363 706 424 767 308
721 702 914 766 LE'l'l'ERS
937 702 992 766 OF
1013 701 1213 765 ERASMUS
1476 701 1572 778 [1526

363 890 495 934 cainam
506 870 607 932 habet
617 870 826 932 iustissimam
841 889 848 932 :
873 889 940 952 quo
950 870 1068 932 certior
1078 868 1158 930 mihi
1169 887 1242 948 spes
1253 873 1304 930 est
1314 874 1407 930 tuam
1420 868 1573 948 amplitu-

363 953 472 1016 dinem
495 953 543 1014 illi
566 972 632 1015 non
656 951 852 1014 defuturam.
902 951 988 1027 Quid
1010 952 1057 1013 rei
1077 953 1208 1013 sitnon
1228 952 1316 1031 prius
1337 951 1449 1012 audies
1470 969 1571 1030 quam

363 1034 424 1097 tibi
445 1054 577 1097 narrare
597 1033 743 1097 fabulam
766 1054 866 1114 quam
891 1053 936 1096 uu
977 1032 1106 1113 repud
1128 1032 1293 1105 Senecam,
1315 1031 1570 1112 haudquaquam

320 1133 349 1185 ις
363 1119 520 1197 pessimae
540 1115 615 1178 fidei
636 1122 793 1189 autorem,
815 1116 899 1197 legi;
932 1052 1078 1177 bottaeus
1097 1133 1164 1177 non
1183 1117 1218 1176 in
1239 1115 1299 1177 hae
1320 1120 1452 1176 tantum
1473 1134 1572 1177 causa

363 1199 522 1279 profuerit
537 1199 729 1260 meminisse.

404 1281 573 1361 Philippus
599 1280 811 1342 Macedonm
838 1299 905 1352 rex,
934 1279 1109 1341 Alexandri
1135 1278 1245 1359 Magni
1271 1285 1375 1359 pater,
1402 1278 1459 1341 sed
1486 1281 1572 1341 veris

363 1364 463 1425 animi
482 1363 614 1425 dotibus
632 1369 798 1443 vtounque
815 1361 951 1423 laudato
969 1360 1036 1423 tilio
1055 1362 1166 1434 maior,
1186 1363 1272 1423 inter
1289 1360 1392 1422 bonos
1411 1362 1571 1441 principes

363 1451 562 1516 numeratur,
588 1444 645 1506 sed
672 1444 762 1505 nulla
787 1463 822 1505 re
849 1443 1002 1506 celebrior
1029 1462 1129 1523 quam
1153 1444 1320 1522 aequitate
1347 1443 1571 1522 ciuilitateque

317 1543 351 1580 20
364 1546 500 1589 morum.
547 1526 581 1588 Is
605 1525 750 1588 habebat
774 1526 911 1588 militem
936 1544 1035 1587 manu
1060 1525 1179 1587 fortem
1202 1526 1260 1588 aed
1285 1527 1395 1587 animo
1420 1544 1570 1605 prauum,

363 1611 455 1671 euius
468 1611 504 1671 in
520 1607 631 1671 multis
647 1607 906 1687 expeditionibus
922 1607 1035 1669 vtilem
1050 1614 1203 1688 expertus
1219 1626 1360 1688 operam,
1377 1606 1515 1669 subinde
1530 1628 1572 1670 ex

363 1691 484 1771 praeda
511 1689 634 1770 aliquid
659 1690 708 1751 illi
734 1691 866 1751 virtutis
893 1709 992 1751 causa
1018 1689 1167 1763 donarat,
1195 1697 1230 1751 et
1256 1690 1419 1751 hominem
1448 1689 1571 1751 venalis

363 1774 491 1835 animae
515 1772 633 1836 crebris
658 1772 891 1834 autoramentis
916 1770 1107 1834 accenderat
1131 1771 1174 1834 ad
1197 1773 1350 1851 rapinaa;
1386 1790 1452 1833 non
1477 1770 1572 1833 aliter

364 1873 463 1936 quam
481 1874 522 1916 ex
538 1853 608 1916 iera
626 1853 759 1916 canibus
777 1852 901 1933 aliquid
918 1859 1068 1915 extorum
1086 1853 1246 1926 obiicitur,
1266 1873 1332 1933 quo
1349 1855 1416 1915 sint
1434 1854 1571 1915 acriores

317 1952 349 2005 25
362 1938 398 1999 in
413 1943 546 1998 venatu.
585 1935 681 1997 Hune
698 1934 835 1997 militem
850 1935 935 1998 forte
951 1936 1029 1998 naui
1045 1935 1151 1998 fracta
1166 1937 1198 1997 in
1217 1937 1449 2015 possessionem
1466 1936 1569 1997 citius·

363 2017 441 2079 dam
464 2016 649 2079 Macedonis
672 2022 851 2097 tempestas
874 2016 1057 2097 impulerat.
1105 2018 1199 2092 Quod
1224 2018 1280 2080 vbi
1304 2019 1495 2080 nunciatum
1519 2024 1571 2079 est

362 2098 542 2173 Mwedoni,
568 2098 697 2180 collegit
721 2099 895 2174 hominem,
921 2099 1114 2161 refocillabit
1138 2101 1368 2172 semianimem,
1395 2099 1570 2179 multisque

363 2180 477 2244 (liebus
496 2200 623 2243 summa
641 2199 716 2243 anm
735 2181 940 2243 humanitate
959 2183 1138 2254 tractauit;
1229 2188 1332 2244 tremo
1351 2182 1570 2244 discedentem

362 2263 519 2326 instruxit
538 2264 669 2325 viatico.
711 2262 841 2326 Interea
860 2262 952 2326 miles
972 2263 1084 2327 crebro
1103 2263 1174 2326 (lice
1216 2270 1233 2326 t
1252 2264 1374 2343 hospiti
1393 2282 1462 2337 suo,
1485 2263 1569 2326 ‘Be-

318 2343 466 2415 soleram
489 2344 552 2408 tibi
576 2346 725 2425 greum,
750 2344 860 2408 videre
883 2351 1016 2409 tantum
1040 2346 1120 2409 mihi
1143 2347 1229 2409 ocn'
1295 2352 1312 2408 t
1336 2345 1570 2426 Immratorem

363 2425 505 2490 manm’.
554 2426 600 2489 Et
626 2427 715 2507 quod
741 2426 904 2508 pollicitus
930 2435 990 2502 ast,
1019 2429 1193 2508 praestitit.
1271 2430 1340 2491 enit
1366 2427 1410 2491 ad
1436 2428 1569 2509 Regem,

363 2508 569 2591 mulragium
588 2510 749 2590 exposuit,
770 2510 928 2572 auxilinm
947 2512 1061 2573 tacuit.
1103 2509 1151 2572 Ac
1170 2511 1318 2590 protinus
1337 2512 1422 2590 petit
1442 2528 1462 2572 a
1482 2510 1571 2591 Rege

364 2591 532 2671 praedium
553 2591 640 2654 illius
663 2592 847 2655 Macedonis
870 2611 892 2653 a
913 2612 979 2672 quo
1001 2598 1159 2672 receptus,
1183 2598 1355 2666 recreatus,
1379 2598 1513 2654 sanatus
1536 2598 1572 2654 et

363 2673 485 2736 viatico
506 2672 638 2736 adiutus
657 2673 787 2747 fuerat;
820 2680 1022 2737 commentus
1042 2680 1093 2736 est
1113 2674 1259 2737 nonnihil
1280 2694 1395 2736 causae
1416 2672 1571 2736 aduersus

318 2771 350 2824 35
364 2755 528 2818 hominem
557 2755 801 2818 benemeritam.
852 2756 925 2819 Hoc
954 2762 1026 2818 erat
1054 2756 1171 2820 referre
1200 2758 1339 2837 gratiam
1368 2757 1569 2836 promissam.

365 2836 513 2899 Fauebat
523 2836 596 2899 Rex
606 2843 762 2900 strennuo
773 2837 879 2911 militi,
892 2838 1104 2917 miserebatur
1113 2837 1272 2919 naunagi,
1285 2838 1422 2900 eredidit
1431 2839 1570 2918 ingrato.

365 2917 457 3016 Quid·
474 2918 607 3015 multat
653 2919 912 3016 Donauituquod
935 2920 1117 2999 petebatur.
1164 2919 1224 2982 His
1248 2920 1353 2982 modis
1376 2926 1514 3000 peccant
1537 2924 1572 2981 at

365 3007 908 3178 aeqqnpffisqfflpffiffieq'
914 3001 998 3146 affl?
1001 3048 1140 3145 recitare
1155 3085 1333 3146 sententias
1349 3083 1474 3163 aliquot
1489 3102 1572 3162 quas

315 3180 352 3231 40
365 3163 425 3225 hoo
443 3163 514 3226 loco
530 3165 694 3226 interserit
711 3164 841 3227 Seneca.
883 3164 1030 3227 ‘Multa’
1049 3167 1166 3245 inquit,
1188 3166 1308 3247 ‘reges,
1325 3166 1361 3227 in
1378 3164 1463 3227 bello
1481 3184 1570 3245 prae·

364 3246 486 3318 sertim,
510 3246 631 3324 opertis
653 3246 754 3307 oculis
775 3245 910 3308 donant.
953 3246 1029 3309 Non
1051 3247 1169 3310 sufficit
1190 3248 1289 3309 homo
1309 3249 1415 3309 iustus
1437 3248 1572 3309 armatis

364 3325 610 3406 cupiditatibus.
656 3327 732 3390 Non
751 3334 862 3408 potest
885 3330 1058 3409 quisquam
1082 3328 1196 3392 eodem
1220 3336 1366 3409 tempore
1390 3336 1425 3392 at
1448 3329 1571 3392 bonum

365 3409 472 3471 virum
491 3414 525 3471 et
544 3408 667 3471 bonum
686 3409 802 3472 ducem
821 3429 925 3490 agere.
968 3410 1137 3485 Quomodo
1155 3418 1209 3473 tot
1227 3411 1318 3473 milia
1336 3412 1504 3474 hominum
1522 3413 1570 3473 in·

365 3489 528 3552 satiabilis
536 3489 744 3554 satiabuntur
757 3496 771 3554 i
803 3491 889 3567 Quid
897 3493 1075 3567 habebunt,
1084 3495 1112 3555 si
1121 3494 1360 3574 auumquisque
1369 3493 1520 3556 habuerit
1534 3497 1547 3555 l
1563 3493 1571 3518 '

318 3588 351 3641 4⁵
366 3571 529 3653 Expulsus
550 3573 684 3636 Macedo
703 3592 770 3637 non
789 3574 868 3637 tulit
887 3576 988 3638 tacite
1009 3575 1146 3656 hospitia
1163 3577 1372 3657 ingratissimi
1392 3574 1570 3656 perfidiam.

366 3653 448 3751 Regi
464 3654 647 3752 perlitatae
663 3655 781 3754 breues
793 3656 850 3719 sed
865 3655 983 3754 liberas
999 3676 1068 3754 pem
1084 3676 1213 3719 omnem
1229 3656 1399 3755 significat.
1438 3657 1483 3720 At
1500 3657 1571 3719 Rex

365 3736 1573 3899 nue1eae...runnene

366 3901 547 3982 evestigio
573 3903 728 3965 restituat
750 3902 915 3965 hominem
937 3904 973 3966 in
997 3904 1168 3983 pristinam
1195 3905 1436 3984 possessionem.
1487 3902 1572 3978 Quid

322 3999 354 4051 50
367 3984 502 4063 praemii
512 3982 692 4047 debebatur
700 3986 802 4064 impio
812 3984 918 4059 militi,
928 3986 1057 4067 ingrato
1066 3985 1198 4066 hospiti,
1209 3984 1395 4048 auidissimo
1405 3984 1573 4066 naufrago,

365 4064 549 4145 impudenti
575 4066 797 4146 postulatori?
845 4066 982 4130 Inseribi
1008 4069 1155 4147 oportuit
1179 4066 1281 4130 fronti
1305 4067 1392 4129 illius
1417 4067 1574 4148 stigmata

366 4147 531 4226 ingratum
545 4148 707 4228 hospitem
720 4150 888 4211 testantia.

408 4227 568 4290 Fortassis
590 4229 651 4291 hoc
673 4231 858 4310 exemplum
879 4249 946 4293 non
969 4232 1100 4294 omnino
1123 4230 1226 4293 simile
1248 4238 1299 4294 est
1320 4231 1396 4293 huie
1418 4250 1459 4293 ne
1520 4232 1572 4303 ‘o;

367 4309 425 4373 sed
440 4315 552 4372 tamen
568 4310 643 4373 hine
660 4311 883 4374 admonendus
899 4319 951 4375 est
966 4314 1109 4393 optimus
1125 4312 1278 4394 Princeps
1294 4312 1456 4376 Fordinan
1478 4332 1517 4374 us
1532 4332 1575 4374 ne

323 4409 351 4462 55
368 4391 441 4472 quis
459 4390 502 4453 ad
519 4393 715 4456 consimilem
733 4394 867 4457 modum
883 4395 985 4475 ipsius
1001 4394 1143 4457 bonitati
1158 4396 1317 4477 imponat.
1355 4394 1573 4457 Iustissimum

276 4502 280 4514 v
368 4479 420 4535 est
433 4473 648 4536 animaduerti
661 4477 697 4537 in
711 4495 765 4539 eos
779 4478 836 4555 qui
849 4483 953 4539 semet
967 4475 1163 4540 addixerunt
1174 4478 1359 4558 impietati:
1385 4496 1574 4558 quanquam

368 4553 563 4700 qqileuiter
584 4555 686 4619 afflati
707 4564 795 4633 sunt,
818 4560 921 4639 magis
942 4559 1104 4622 sanandos
1126 4578 1240 4623 censeo
1261 4578 1361 4641 quam
1383 4558 1573 4640 puniendos.

432 4641 540 4698 terum
555 4637 608 4701 hie
623 4639 797 4719 prudentia
812 4638 969 4721 Principis
986 4641 1098 4722 vigilet
1113 4646 1252 4721 oportet,
1268 4641 1386 4705 nesab
1403 4646 1575 4723 praetextu

747 4793 788 4841 24.
806 4784 930 4832 extorum
944 4781 989 4833 H:
1013 4787 1149 4834 extortum
1163 4783 1198 4834 N.

408 4950 445 4997 14
462 4935 754 5000 SenecamJBra.4.37.
782 4934 889 4987 Resides
897 4935 943 4988 the
1005 4935 1573 5003 126aaq.,followsSenecaalmostverbally,

369 5001 571 5067 ackncwledged
591 5003 732 5067 quotation
752 5003 779 5052 in
800 5002 827 5052 ll
848 5017 942 5066 40-44‚
1001 5008 1097 5069 except
1107 5003 1149 5054 ior
1158 5005 1215 5056 inte
1288 5007 1365 5056 tiana.

371 5068 496 5118 Erasmus
522 5068 591 5127 hera,
613 5083 644 5119 as
665 5068 721 5119 also
742 5069 771 5119 in
793 5068 842 5134 Ep.
868 5071 941 5129 1⁶90.
1036 5081 1077 5133 57.
1094 5068 1306 5135 afflati10.Ep.
1324 5082 1395 5135 1555.
1409 5081 1449 5132 71.
