3534 5984
720 699 914 763 LETTERS
935 700 991 762 OF
1011 699 1212 764 ERASMUS
1473 705 1569 781 [1525

530 930 682 976 ERASMVS
702 930 778 975 ΒΟΤ.
800 930 952 975 usualdo
974 928 1152 975 arnostum
1174 927 1305 973 MEDICO
1327 929 1354 975 S.
1368 929 1401 973 D.

403 1030 535 1090 Auas‘ri
556 1029 777 1101 Mosellanum,
798 1035 833 1089 ct
853 1027 1126 1108 quemadmodum
1147 1046 1213 1088 non
1233 1027 1301 1088 sine
1321 1046 1420 1087 causa
1441 1030 1570 1102 amasti,

362 1112 411 1171 ita
428 1131 493 1172 non
510 1112 578 1172 sine
596 1131 694 1173 causa
715 1117 851 1172 mortem
872 1110 1011 1170 hominis
1032 1106 1145 1170 acerbe
1165 1108 1281 1169 tulisti.
1320 1108 1406 1169 Eum
1426 1108 1570 1171 dolorem

362 1193 495 1253 tametsi
507 1193 602 1266 ratio,
617 1194 651 1253 ni
663 1191 768 1265 fallor,
784 1211 821 1252 ao
835 1199 964 1270 tempus
977 1188 1167 1251 iamdudum
1182 1188 1235 1250 vel
1245 1189 1339 1251 leniit
1352 1189 1405 1250 vel
1417 1191 1571 1264 extinxit,

362 1279 474 1335 tamen
490 1275 518 1334 si
535 1274 615 1353 quid
632 1279 779 1354 superest
794 1273 1014 1354 reliquiarum,
1032 1291 1073 1333 en
1090 1291 1212 1333 nouum
1229 1271 1407 1332 remedium
1421 1272 1428 1332 i
1468 1272 1572 1334 Adest

335 1375 347 1426 ς
363 1355 501 1417 Iacobus
519 1355 697 1430 Ceraunus,
716 1358 805 1417 iussu
824 1354 981 1433 Principis
999 1372 1056 1433 per
1074 1372 1161 1415 meas
1178 1352 1288 1414 literas
1306 1360 1461 1415 euocatus
1480 1361 1518 1415 vt
1536 1356 1570 1415 in

362 1436 469 1498 locum
491 1437 658 1499 Mosellani
678 1437 841 1499 succedat.
885 1436 947 1497 Vix
968 1433 1139 1515 sperabam
1160 1434 1323 1496 hominem
1344 1435 1570 1514 amplexurum

362 1519 507 1580 oblatam
522 1519 740 1581 conditionem
754 1540 762 1592 ;
789 1537 866 1580 nam
881 1517 1018 1578 Iouanii
1032 1515 1267 1578 sollicitabatur
1282 1516 1325 1577 ad
1340 1517 1570 1596 capessendam

362 1600 503 1663 Graecae
522 1601 650 1681 linguae
670 1600 899 1680 professionem
919 1600 953 1660 in
967 1598 1106 1679 Collegio
1123 1597 1289 1678 'l'rilingui
1331 1598 1404 1659 Iam
1422 1605 1461 1660 vt
1478 1600 1571 1678 paria

361 1684 429 1744 sint
446 1681 573 1756 salaria,
592 1688 679 1744 certe
697 1682 906 1744 Louaniensis
924 1680 1099 1742 Academia
1116 1679 1303 1741 celebritate
1322 1680 1378 1741 vix
1396 1679 1453 1741 vlli
1471 1680 1570 1754 cedit,

318 1779 350 1818 10
362 1765 424 1825 nisi
437 1764 522 1826 forte
537 1764 729 1826 Lutatianae
743 1783 750 1824 :
776 1765 811 1825 in
826 1782 893 1843 qua
906 1782 991 1824 nunc
1006 1762 1085 1823 mire
1098 1767 1236 1841 regnant
1249 1761 1414 1841 sophistae
1427 1759 1569 1835 barbari,

361 1844 482 1926 frigent
505 1846 676 1924 iacentque
701 1850 792 1906 recta
820 1844 940 1907 studia.
989 1844 1050 1905 Est
1081 1841 1204 1923 aliquid
1234 1844 1269 1904 in
1298 1842 1370 1904 loco
1401 1842 1570 1924 magnifice

361 1933 512 1988 extructo
536 1925 654 1988 habere
676 1932 845 1988 sexcentos
869 1926 1043 1999 auditores,
1067 1924 1165 2005 idque
1189 1926 1402 1999 continenter,
1426 1932 1461 1987 et
1483 1926 1570 1988 inter

363 2008 421 2069 hos
436 2027 626 2088 magnorum
640 2009 821 2087 principum
835 2006 928 2069 filios.

402 2088 544 2151 Ceratini
565 2089 658 2151 dotes
680 2110 698 2150 e
720 2089 976 2150 familiarissimis
997 2088 1164 2168 colloquiis
1185 2107 1267 2167 eque
1288 2089 1417 2167 scriptis
1439 2089 1569 2169 penitus

318 2198 346 2251 ις
361 2171 507 2250 cognitas
524 2179 560 2233 et
577 2177 759 2251 compertas
777 2169 903 2243 habeo;
934 2170 1054 2251 alioqui
1072 2189 1138 2231 non
1156 2177 1253 2231 tanta
1270 2168 1390 2232 fiducia
1407 2190 1567 2233 commen·

360 2252 471 2314 darem
495 2252 587 2314 illum
611 2252 683 2326 tibi,
708 2254 778 2313 viro
802 2252 998 2314 exactissimi
1021 2251 1142 2324 iudicii,
1168 2252 1356 2331 praesertim
1380 2252 1478 2314 toties
1501 2253 1568 2314 iam

360 2334 554 2414 pudefactus
574 2334 820 2397 commendandi
840 2333 1007 2396 facilitate.
1050 2333 1193 2395 Moribus
1213 2339 1264 2395 est
1282 2334 1513 2413 syncerissimis
1533 2340 1569 2395 et

361 2414 404 2478 ad
421 2417 599 2478 amicitiam
616 2417 783 2496 appositis,
802 2415 884 2477 adeo
901 2423 940 2477 vt
956 2434 1023 2477 non
1040 2416 1147 2476 minus
1163 2414 1315 2477 videatur
1331 2421 1430 2476 natus
1447 2415 1568 2478 Gratiis

360 2517 460 2578 quam
475 2498 584 2561 Musis.
619 2498 713 2561 Certe
727 2498 789 2560 tibi
803 2518 869 2560 non
883 2497 999 2559 dubito
1013 2498 1093 2577 quin
1107 2496 1151 2558 sit
1164 2497 1294 2559 futurus
1309 2496 1524 2571 charissimus,
1539 2498 1568 2558 si

314 2610 348 2648 20
363 2580 459 2642 modo
477 2600 543 2643 non
562 2581 719 2643 mentitur
732 2581 949 2660 prouerbium,
959 2579 1112 2659 Ὅμοιονὸ
1155 2582 1163 2602 '
1195 2582 1294 2657 φίλον.
1340 2578 1477 2653 Quando
1495 2579 1568 2641 fata

360 2681 426 2724 non
450 2663 563 2725 sinunt
586 2681 646 2724 nos
670 2663 832 2743 coniungi,
857 2682 915 2741 per
938 2661 1125 2724 Ceratinum
1181 2668 1288 2723 terum
1313 2660 1485 2722 Erasmum
1509 2659 1568 2723 fiet

361 2751 399 2805 vt
422 2751 458 2806 et
481 2752 520 2807 tu
545 2764 596 2806 me
620 2744 844 2823 complectaris
867 2751 903 2805 et
926 2762 985 2823 ego
1009 2743 1071 2805 tibi
1094 2742 1172 2803 fiam
1196 2742 1386 2804 deuinctior.
1432 2741 1567 2804 Confido

359 2824 516 2905 Principis
528 2825 761 2905 benignitatem
773 2826 833 2887 hoc
845 2832 1042 2898 curaturam,
1055 2832 1094 2886 vt
1104 2845 1163 2888 neo
1175 2843 1227 2886 me
1238 2825 1405 2904 poeniteat
1415 2843 1567 2886 euocasse

359 2905 555 2980 Ceratinum
572 2926 631 2968 nec
646 2908 754 2986 ipsum
769 2907 850 2967 meis
865 2907 1050 2968 hortatibus
1063 2904 1163 2968 fuisse
1178 2904 1405 2986 obsequutum.
1443 2905 1485 2966 Id
1499 2925 1566 2986 quo

314 3018 344 3069 25
359 2986 420 3048 fiat
442 2988 647 3061 cumulatius,
671 2995 748 3049 tuus
771 2987 893 3049 candor
915 2994 1038 3067 tuaque
1061 2988 1220 3049 autoritas
1243 2987 1417 3067 plurimum
1441 2986 1568 3049 adferet

360 3070 526 3130 momenti.
563 3068 649 3130 Illud
663 3069 761 3130 velim
775 3069 976 3131 considerare
990 3068 1182 3149 Principem,
1197 3088 1298 3149 quam
1312 3069 1436 3149 prolixo
1450 3070 1566 3131 itinere

360 3150 423 3211 huo
442 3151 566 3212 venerit
583 3150 763 3224 ceretium,
781 3170 847 3213 uon
864 3152 933 3213 sine
951 3152 1043 3231 graui
1060 3157 1215 3230 sumptu;
1245 3158 1345 3230 atque
1363 3151 1437 3212 hinc
1455 3171 1566 3212 rursus

358 3232 443 3293 istuc
463 3231 560 3312 longa
579 3238 630 3294 est
649 3232 815 3311 profectio.
859 3233 941 3294 Erat
959 3232 1006 3294 illi
1026 3232 1158 3314 quidem
1176 3233 1300 3294 iustum
1320 3232 1498 3306 viaticum;
1531 3239 1567 3294 et

358 3318 470 3374 tamen
490 3315 518 3374 si
538 3314 680 3376 latrones
700 3314 786 3376 hunc
806 3316 1012 3376 exonerarint
1032 3315 1186 3395 pecuniae
1207 3315 1343 3388 sarcina,
1365 3319 1424 3375 aut
1443 3314 1471 3374 si
1492 3315 1566 3393 quis

314 3426 348 3475 30
360 3394 442 3456 alius
461 3402 593 3457 exortus
613 3396 712 3457 fuerit
732 3415 836 3470 casus,
858 3403 897 3458 vt
917 3415 998 3475 opus
1018 3397 1063 3457 sit
1083 3395 1214 3469 auxilio,
1235 3395 1324 3476 quod
1343 3395 1469 3457 dederis
1490 3396 1565 3458 huic

360 3482 485 3550 mutuo,
500 3496 520 3537 a
532 3496 583 3538 me
596 3485 687 3557 petes
700 3483 759 3539 aut
772 3497 793 3539 a
804 3476 964 3539 mobenio
978 3497 985 3540 :
1010 3477 1084 3539 ilico
1095 3476 1249 3539 reddetur
1261 3477 1318 3538 vbi
1330 3476 1428 3539 voles.
1478 3480 1479 3485 ’

400 3557 471 3620 Hoc
488 3560 622 3620 summis
638 3559 761 3621 viribus
778 3566 880 3640 agunt
896 3560 1070 3639 sophistae,
1089 3567 1127 3621 vt
1142 3558 1291 3620 funditus
1307 3560 1446 3639 perdant
1462 3559 1565 3621 bonas

358 3637 490 3714 literas;
527 3641 621 3703 nobis
646 3649 761 3703 contra
785 3642 942 3703 machinis
968 3639 1118 3703 omnibus
1142 3639 1356 3703 obnitendum
1381 3647 1432 3703 est
1456 3642 1565 3720 impiis

358 3720 538 3784 conatibus.
576 3723 638 3785 Hic
653 3730 739 3785 certe
754 3724 805 3784 vir
819 3743 883 3785 ero.
920 3724 1006 3785 Ante
1021 3742 1141 3802 paucos
1156 3723 1225 3784 dies
1238 3742 1348 3784 rursus
1362 3723 1477 3784 enixus
1491 3742 1564 3784 sum

313 3835 342 3887 35
358 3811 490 3883 partum
506 3806 696 3885 viperinum.
735 3806 802 3868 Nec
819 3806 880 3867 hoc
898 3804 1122 3886 corpusculum
1139 3803 1244 3866 audeo
1260 3804 1392 3866 medicis
1408 3805 1505 3877 hisce,
1523 3824 1564 3866 ne

357 3885 436 3966 quid
451 3887 539 3948 aliud
554 3887 670 3961 dicam,
686 3886 840 3950 Elueticis
855 3889 1078 3949 committere:
1105 3905 1182 3948 nam
1197 3905 1287 3947 meus
1302 3886 1496 3959 Antoninus,
1511 3887 1565 3948 cui

358 3968 415 4029 vni
433 3989 484 4030 me
502 3975 577 4031 tuto
595 3976 742 4049 poteram
760 3971 973 4043 committere,
993 3969 1067 4031 hinc
1087 3968 1169 4030 abiit
1185 3969 1220 4030 in
1237 3987 1330 4029 suam
1350 3967 1562 4048 Hungariam.

357 4048 525 4129 Sperarem
547 4050 696 4124 salutem,
723 4052 751 4111 si
777 4053 849 4131 quis
876 4051 1004 4113 adesset
1029 4050 1184 4113 Stromeri
1209 4049 1331 4111 similis.

399 4130 487 4192 Bene
501 4131 584 4204 vale,
599 4131 744 4193 Basileae
760 4140 854 4194 sexto
869 4132 949 4195 Idus
965 4132 1094 4212 Aprilis,
1111 4133 1206 4194 Anno
1222 4148 1258 4194 u.
1271 4148 1305 4193 n.
1318 4148 1400 4194 xxv.

602 4280 643 4339 36.
662 4279 690 4330 N
700 4298 707 4331 2
728 4279 861 4330 Antonius
872 4281 900 4331 Η
911 4280 990 4333 lond
1020 4281 1061 4347 Os.
1074 4281 1123 4347 Ep.
1139 4296 1210 4348 15²7·
1223 4296 1283 4348 73²⁸·

390 4468 414 4518 8.
452 4467 633 4530 rofeasionsm]
665 4469 693 4519 It
728 4484 840 4537 appears
872 4470 934 4522 that
1016 4486 1056 4537 35.
1076 4476 1183 4537 partum
1192 4472 1472 4539 viperinumlflesllp.
1486 4475 1560 4538 1558.

446 4549 465 4599 y
491 4534 601 4586 Resoius
627 4535 688 4602 (Ep.
717 4539 777 4601 546)
803 4551 857 4587 was
885 4542 935 4588 not
985 4552 1059 4589 12011.

355 4599 446 4665 giving
459 4599 633 4662 satisfaction,
648 4601 702 4653 and
716 4600 778 4652 that
790 4600 866 4652 there
879 4618 933 4654 war
1016 4605 1056 4667 36.
1076 4602 1214 4664 liiiustiois]
1242 4603 1281 4655 cf.
1313 4605 1381 4670 app.
1414 4617 1485 4670 1522.
1517 4606 1560 4665 8,

355 4665 762 4733 aprcpcsaltosupianthim.
984 4681 1143 4735 ¹735·9·13·
1185 4669 1401 4722 ButErasmuss
1435 4670 1542 4721 akawit

392 4744 430 4782 ro.
448 4730 583 4796 sophistae
633 4730 716 4795 rbari]
730 4733 783 4785 For
798 4733 932 4784 uramur
981 4734 1142 4786 admiration
1176 4735 1204 4785 of
1238 4735 1395 4801 Steinmhny
1429 4736 1465 4785 r’s
1498 4736 1561 4786 skill

450 4796 605 4846 tralatione
624 4797 689 4848 with
707 4798 753 4849 the
773 4797 887 4863 Faculty
906 4799 934 4849 oi
981 4804 1035 4863 (see
1058 4801 1107 4866 Ep.
1134 4816 1207 4866 1274.
1233 4807 1293 4866 1411)
1313 4803 1341 4853 in
1361 4801 1500 4867 operating
1517 4800 1562 4852 ior

377 4860 490 4927 haology
500 4866 530 4911 at
541 4861 705 4927 Parisseep.
716 4867 757 4927 65.
980 4871 1065 4917 stone.

392 4941 429 4978 12.
448 4932 586 4978 sexcentos
615 4926 761 4990 auditores]
791 4928 830 4981 Cf.
862 4928 931 4995 Epp.
1048 4929 1210 4991 Antoninus]
1227 4932 1274 4983 See
1314 4971 1319 4983 .
1342 4945 1406 4995 1533
1437 4931 1500 4992 and,
1517 4931 1560 4983 for

358 5007 429 5044 1221.
446 5007 504 5058 1511,
519 5007 589 5057 1522.
605 4997 661 5058 5-6.
981 4996 1021 5046 hia
1043 4996 1185 5060 departure
1206 4997 1274 5046 from
1351 4998 1384 5056 le,
1408 4997 1458 5063 Ep.
1484 5010 1557 5062 1512.

393 5073 430 5122 13.
450 5058 930 5127 principumiilioslci.lip1322.7n
978 5063 1054 5123 44-6.
